2194 2995
521 272 544 278 ..
568 254 632 287 γρ..

142 353 159 395 δ,
172 351 185 391 ρ’
195 352 283 397 ἠκολούθει
294 353 311 387 δὲ
322 351 367 400 αὐτῷ
382 353 428 397 όγλος
442 352 506 401 πολύς
520 364 557 388 cum
572 355 638 388 Nonnus
652 366 668 389 v.
682 365 690 390 3
705 353 760 398 verbis
776 353 893 388 σονεσσιόοντο
908 352 925 387 δὲ
938 354 974 387 λαοί
991 357 1059 398 expres-

96 418 142 459 serit,
154 423 207 451 utrum
218 417 276 462 legerit
287 418 386 462 adjectivum
397 428 458 458 necne,
472 417 556 462 dijudicari
567 418 627 463 nequit.

138 480 194 515 thid.
208 491 226 517 3ο
240 480 320 514 παίννοτε
334 479 363 521 δός
374 479 413 525 ημῖν
427 478 457 513 τὸν
471 479 521 524 όίρτον
535 483 594 514 τοῦτον
608 482 646 515 setis
658 480 734 515 indicavit
745 480 827 515 scribens:
845 480 911 525 αἰθέρος
923 480 973 525 όίρτον
985 479 1058 514 όπασσον

94 532 193 587 ε’τήτνμόν
205 542 316 584 εἰλαπινόιζειν.

129 607 197 642 ibid.
208 619 226 644 το
238 602 286 646 οὗτός
298 607 341 641 ἐστιν
353 606 362 641 ὁ
374 606 422 650 ἐίρτος
435 604 444 640 ό
457 607 475 648 ἐξ
487 605 577 650 οὐρανοῦ
588 606 676 651 καταβάς
689 608 777 653 perspicue
789 608 812 641 sic
824 608 942 653 transscripsit:

358 672 407 713 ζωῆς
419 669 506 714 ίίφδιτος
518 669 567 713 όίρτος
579 670 656 714 ἐτήτυμος
668 667 717 710 οὗτος
728 670 789 705 ductim,

139 735 156 774 7,
168 745 186 770 oo
198 734 225 767 uui
236 732 286 768 οὐδὲν
298 732 342 780 αὐτῷ
354 733 429 777 λέγουσιν
441 736 480 769 satis
492 735 534 768 inest
545 736 587 769 inv.
599 746 616 771 99

348 796 432 841 ἀμφαδίην
444 796 547 840 ἀδόκητος
558 796 639 841 ἐρεύγεται
651 796 707 842 ἡδόδα
719 796 781 841 φωνην.

136 860 195 894 lbid.
207 872 224 897 πο
236 859 317 894 διδόσκαν
329 880 351 885 —
363 861 390 894 καὶ
401 860 451 903 λέγων
463 866 501 905 post
512 858 578 904 ἰάχησεν
589 873 622 895 non
638 873 680 906 opus
695 867 729 896 erat
743 863 804 896 diserte
816 862 940 907 exprimeretur,
957 872 1056 906 quamquam

77 914 81 918 ’
93 936 131 958 num
143 924 222 958 inuenerit
233 924 294 958 inutilia
305 925 397 969 participia,
410 924 458 958 etiam
469 929 537 969 propter
549 925 627 959 librorum
639 926 743 960 variationem
756 925 813 970 quaeri
825 931 883 970 potest.
1081 918 1083 920 ’

136 987 154 1028 8,
167 997 185 1023 ll
197 989 265 1022 alterum
272 986 326 1021 πόδεν
334 986 400 1031 ἔρχομαι
407 986 433 1020 καὶ
444 989 484 1020 τιοῦ
495 985 559 1029 ὑπάγω
571 984 601 1022 suo
610 999 656 1022 more
664 989 744 1033 expressit
751 999 782 1034 per
790 986 843 1022 πόδεν
850 986 928 1031 γενόμην,
941 987 994 1022 πόδεν
1003 986 1056 1031 ἔστην.

136 1051 169 1085 lbi
177 1052 193 1085 d.
207 1061 223 1087 αι
236 1052 287 1086 verbu
300 1049 372 1094 ζητήσετέ
383 1063 403 1093 με
414 1051 468 1085 insunt
479 1051 495 1084 in
506 1051 593 1085 Nonnianis
605 1051 714 1093 τίφραδέισσιν
725 1051 742 1089 ἐν
754 1051 800 1095 ἥδιστ
812 1051 871 1091 πάντες
882 1049 943 1094 ἅληται,

137 1114 154 1155 91
167 1126 184 1152 ³6
197 1113 316 1147 luciacensem)
328 1115 350 1153 εἰς
362 1112 413 1148 αὐτόν
425 1115 440 1148 in
453 1113 497 1158 όφρα
508 1115 577 1157 γεραίρω
588 1116 660 1149 mutarit.

138 1177 166 1219 10,
178 1189 186 1214 5
197 1176 273 1223 όλλοτρίφ
286 1177 303 1211 δὲ
315 1176 335 1211 οὐ
347 1176 369 1221 μὴ
382 1176 558 1220 α’κολοοδήσονσιν
570 1179 702 1213 commodissime
711 1178 726 1211 in
738 1179 791 1218 ξείνου
799 1176 813 1211 δ’
822 1177 852 1212 οὐκ
861 1176 914 1225 dicum
922 1179 990 1213 transire
998 1178 1055 1223 potuit,

136 1241 188 1275 lbid.
200 1252 217 1277 ιο
228 1241 283 1275 uerbis
296 1239 322 1273 δια
334 1240 374 1280 τοὺς
385 1240 443 1283 λόγους
455 1239 523 1279 τοότονς
535 1241 625 1286 respondet
636 1243 689 1276 Nonni
701 1239 778 1281 άνοόσας.
794 1243 846 1287 Supra
858 1242 874 1283 λ,
883 1252 901 1278 to
913 1241 933 1275 δι7
946 1240 997 1275 αὐτόν
1007 1253 1056 1286 pror-

92 1316 120 1339 sus
132 1305 189 1339 omisit.
625 1300 631 1307 '⁴

137 1368 163 1409 12,
175 1379 185 1404 ι
196 1365 205 1401 ὁ
216 1366 279 1411 μέλλον
291 1366 343 1401 αὐτόν
353 1366 462 1411 παραδιδόναι
473 1368 489 1402 in
501 1365 622 1406 δολοπλόκος
636 1367 720 1402 contraxit.
740 1368 741 1371 ’

134 1431 185 1466 lhid.
197 1443 214 1467 το
227 1426 280 1464 Ἦσαν
292 1431 309 1464 δὲ
320 1430 396 1474 Ἕλληνές
409 1443 462 1470 τινες
476 1431 493 1464 ἐκ
506 1433 539 1464 τῶν
550 1429 674 1475 ἀναβαινόντων
689 1433 721 1465 tna
733 1430 913 1476 προσκννησονσιν
925 1432 945 1466 ἐν
956 1434 981 1476 τῇ
992 1430 1055 1476 ἑορτῇ

90 1496 152 1539 integra
164 1495 180 1529 in
192 1506 239 1528 suum
253 1505 345 1528 sermonem
356 1494 435 1528 transtulit
446 1507 462 1527 v.
474 1505 492 1530 αι
503 1505 528 1539 sq.
600 1483 601 1486 Ἴ

314 1558 347 1590 Καί
358 1570 400 1596 τινες
410 1555 492 1601 Ἑλλήνων
504 1556 543 1590 ἔσαν
555 1555 618 1600 ιἰνέρις,
632 1560 648 1591 οἳ
658 1556 694 1590 τότε
706 1558 762 1590 πολλοί

312 1622 422 1664 θεσπεσίης
434 1619 521 1665 ἀνέβαινον
534 1619 664 1663 ὀπιπενιῆρες
676 1619 752 1663 ἑορτῆς.

134 1684 183 1719 lhid.
196 1695 214 1721 ιο
229 1685 296 1719 Nomius
308 1696 345 1719 curn
358 1685 455 1731 quibusdam
468 1686 506 1729 legit
518 1682 587 1725 δόξασόν
598 1696 636 1726 μον
649 1685 686 1726 [non
699 1691 740 1725 σον,
754 1685 892 1729 quemadmodum
901 1696 944 1719 nunc
955 1684 1017 1730 ubique
1029 1686 1054 1719 le-

89 1749 146 1793 gimus]
161 1746 180 1781 τὸ
196 1746 248 1790 όνομα
262 1749 312 1794 idque
328 1749 422 1794 simpliciter
435 1749 451 1782 in
466 1746 494 1781 νῖα
508 1746 545 1781 τεόν
558 1746 624 1781 κόδαινε
641 1747 727 1787 conuertit,
745 1747 777 1781 fiilii
791 1758 849 1782 nomen
865 1747 965 1782 substituens
979 1749 1053 1782 vocativo

89 1809 151 1854 Πτίτερ,
164 1822 214 1857 quem
226 1812 325 1856 evangelista
338 1818 374 1846 ante
386 1808 456 1861 δόξασόν
467 1811 527 1856 posuit.

135 1874 164 1915 13,
177 1886 185 1910 5
197 1875 264 1909 Nonuus
276 1880 336 1908 tautum
349 1875 458 1918 transscripsit
472 1874 499 1907 uui
512 1872 572 1917 ἤρξατο
585 1875 647 1907 νίπτειν
660 1872 700 1912 τοὺς
713 1871 765 1911 πόδας
776 1875 808 1906 τῶν
819 1875 907 1916 μαδηταλνΥ
924 1874 969 1908 haud
980 1874 1052 1908 inficete:

88 1949 125 1972 nam
132 1939 205 1978 Petrum,
219 1944 305 1983 antequam
310 1939 391 1978 Dominus
400 1938 421 1972 ad
429 1937 575 1983 abstergendos
583 1937 630 1983 primi
638 1936 713 1981 discipuli
722 1937 774 1981 pedes
783 1938 878 1978 accesserit,
891 1938 1005 1972 intercessisse
1013 1949 1052 1982 pro-

88 2001 142 2035 bebile
153 2007 183 2035 est.
206 2002 241 2035 Nec
253 2007 364 2046 tumenquae
379 2008 470 2047 sequuntur
484 2001 510 2034 καί
522 1999 608 2044 ἐκμάσσειν
618 2003 641 2045 τῷ
653 2000 709 2044 λεντίφ
721 1994 734 2032 ὦ
746 1995 766 2042 ἦν
781 1999 885 2043 διεζωσμένος
897 2003 923 2035 aut
934 2001 1014 2046 ignoravit
1025 2006 1053 2035 aut

89 2065 168 2110 neglexit,
181 2065 211 2099 sed
223 2065 276 2110 aptius
289 2075 326 2098 eum
338 2066 390 2109 prima
401 2064 445 2099 lintei
457 2065 611 2099 commemoratione
623 2063 758 2108 communitum
770 2074 811 2109 sqq„
827 2074 868 2110 quae
877 2064 901 2097 sic
912 2064 999 2098 scribenda
1008 2070 1051 2112 sunt:
1071 2092 1073 2094 ,

311 2127 338 2160 καί
349 2127 404 2170 λινέην
415 2127 500 2169 λαγόνεσσι
511 2125 565 2171 νόδην
577 2126 647 2168 ἐζώσατο
658 2127 726 2170 μίτρην,
859 2151 864 2167 3

311 2191 378 2233 σφίγξας
390 2189 460 2233 σκληρὸν
471 2190 548 2234 ίίφασμα,
560 2181 612 2234 τόπερ
621 2189 664 2233 φότο
678 2189 781 2233 Θνμβριόις
792 2188 834 2234 catut

310 2255 396 2294 λίντεον,
409 2253 490 2296 tapetium
502 2253 553 2294 ποδός
564 2252 676 2298 μακτηριον
687 2252 757 2296 κίνδρολν.
1021 2296 1022 2300 ¹

88 2315 172 2360 Θνμβριός
183 2329 213 2363 pro
225 2329 253 2359 eo,
270 2318 315 2364 quod
327 2318 384 2352 Aldina
396 2317 444 2352 habet
456 2316 537 2361 δομβεολς,
553 2320 585 2363 J'am
600 2318 660 2364 antiqui
676 2317 748 2352 editores
762 2318 863 2357 invenemnt,
878 2328 916 2351 cum
931 2319 947 2351 in
962 2318 1051 2352 norissima

87 2380 158 2415 editione
170 2380 238 2424 τνμβιόις
249 2381 313 2427 legatur
325 2381 360 2415 sine
372 2382 405 2415 ullo
417 2392 476 2420 seusu;
488 2387 521 2415 tum
533 2383 595 2415 λίντιον
607 2380 727 2415 commendarit
738 2381 839 2414 Hermannus
852 2381 867 2414 in
878 2392 912 2415 rec.
924 2382 934 2415 l,
945 2393 960 2425 p.
970 2380 1010 2419 992,
1023 2381 1050 2426 qui

85 2445 130 2479 idem
138 2454 169 2488 pro
182 2441 268 2486 α’λητηριον
275 2445 352 2486 Aldinae,
366 2444 410 2490 quod
422 2445 437 2478 iu
450 2443 537 2487 α’λκτόριον
546 2446 587 2479 male
596 2445 680 2480 mutabant
688 2444 769 2485 editores,
782 2442 889 2488 θελκτήριον
897 2445 971 2489 conjecit.
984 2445 1051 2478 Rectum

86 2507 212 2542 subministravit
223 2507 266 2550 ipse,
280 2520 329 2554 quem
341 2508 445 2547 adduximus,
459 2508 562 2552 evangelista.
719 2505 721 2508 ’

128 2571 180 2606 lhid.
192 2582 209 2607 23
224 2568 243 2603 δν
259 2569 312 2613 ηγίπα
328 2569 337 2605 ὁ
351 2570 413 2615 Ἰησοῦς
427 2572 511 2605 transiisse
527 2572 590 2606 ridetur
605 2571 649 2616 apud
661 2572 736 2605 Nonnum
748 2571 763 2604 in
776 2569 858 2613 epitheton
870 2568 961 2613 ἀγηιφανης
977 2568 1048 2603 ἀνέκειτο

85 2632 219 2678 φιλοστόργου
227 2634 311 2676 βασιλῆος,
319 2635 349 2668 nisi
358 2636 394 2681 quis
403 2635 487 2669 formulam
496 2634 556 2679 quippe
565 2647 584 2668 ex
595 2634 618 2675 19,
628 2646 645 2671 ao
653 2635 730 2668 intrusam
738 2635 813 2668 Nonnum
821 2644 888 2677 prorsus
899 2634 989 2669 nescivisse
997 2639 1049 2678 putet.
