2194 2995
480 200 589 233 -15..

51 301 110 340 τιόιντες
121 303 177 344 τιμῶσι
188 300 218 335 τόν
229 299 267 334 νλὸν
277 299 333 339 deddc
344 296 402 343 τιμαῖσι
415 298 445 332 τόν
456 297 526 340 πατέρα’
539 296 548 332 ὁ
559 297 581 342 μὴ
594 296 686 342 τιμῶντόν
697 296 735 331 νόόν
747 296 767 331 οὐ
778 298 817 344 τιμᾷ
828 295 857 330 τὸν
868 295 930 343 πατέρα
939 316 966 337 -,
980 307 1016 331 cnm

49 367 108 400 Nonno
121 365 179 399 melius
191 365 236 409 rejici
247 365 326 399 videntur.
350 363 429 409 Sequenti
440 373 489 396 versu
500 364 526 407 rqi-
534 360 615 404 πέμψαντί
625 373 645 405 με
658 361 753 406 simpliciter
764 362 779 395 in
791 360 824 407 ἐμῷ
835 362 881 403 τοκῆι
892 360 1016 395 transformavit.

52 428 100 469 Quod
113 428 180 472 saepius
193 429 238 468 fecit,
251 433 268 462 ut
279 427 296 463 8.
309 438 331 464 to.
342 439 364 464 re.
379 427 408 468 12,
420 438 442 463 [ιοΙ

96 490 112 531 6,
126 502 143 527 ιο
155 491 181 524 καὶ
193 489 241 533 ἑγγός
252 492 281 524 τοῦ
292 491 350 524 κλολον
361 488 449 532 γινομένου
461 499 560 533 quamquam
571 489 609 522 lacit
622 488 643 523 ad
654 488 751 522 narrationis
763 493 836 522 tenorem
847 487 965 529 illustrandum,
977 487 1016 534 quin

8 566 11 569 “
54 553 245 599 etiamahessepossn,
261 565 309 588 nemo
324 565 357 587 nou
372 553 458 587 concedet.
481 551 531 596 llagis
548 552 594 585 etiarn
609 548 705 595 suspectum
721 551 771 586 ibid.
786 554 899 594 ειζγτοῦντες
912 550 941 585 τόν
953 549 1016 594 Ἰησοῦν

51 617 85 662 (ubi
97 619 112 651 in
125 617 160 651 aliis
173 615 224 650 αὐτόν
234 615 304 662 legitur),
322 616 398 661 quonian]
412 616 457 649 nulla
472 625 522 648 causa
533 614 568 655 snit,
585 625 615 648 cur
626 615 710 648 multitudo
722 617 786 655 lesum,
802 625 851 661 quem
862 626 895 649 non
907 615 975 649 vidisset
987 625 1016 649 na-

7 718 9 722 ,
51 692 87 715 vem
99 680 220 720 conscendere,
234 679 352 725 Ceplrarnaumi
364 690 402 713 esse
414 678 531 723 suspicaretur.

96 744 113 784 7,
127 755 143 780 10
156 749 216 777 tantum
228 744 284 778 habuit
296 740 317 781 τός
329 741 346 775 δὲ
358 741 439 786 ἀνέβησαν
451 742 467 775 cl
478 739 546 784 α’δελφοὶ
557 739 616 780 αὐτοῦ,
628 738 664 774 τότε
674 740 701 773 καὶ
712 739 761 780 αὐτός
770 740 820 784 νἰνέβη
829 742 851 780 εἰς
858 740 889 785 τὴν
897 739 953 785 ἑορτήν
962 740 1014 786 (sici),

51 808 95 848 haud
108 808 142 841 scio
155 814 237 841 annecte.
249 808 289 840 Nam
302 817 344 851 quae
357 807 430 851 proxima
442 811 479 840 sunt
491 803 510 838 οό
523 807 604 848 φανερῶς,
619 803 661 838 ortt
673 802 695 843 eis
708 805 759 850 (quod
769 806 813 839 multi
823 804 903 848 omittunt)
918 805 936 839 ἐν
948 806 1015 850 κρνκτῷ

49 872 110 905 intrusa
119 871 193 904 videntur
200 876 268 915 propter
276 881 302 909 ea,
311 880 354 915 quae
364 871 398 914 jam
410 874 501 915 sequuntur
513 870 529 902 ot
540 864 570 902 οὖν
581 867 657 902 Ἰουδαῖοι
669 867 737 911 ἐζήτουν
748 868 799 902 αόιόν
811 875 840 904 etc.
855 871 915 904 Verum
923 870 966 903 enim
973 879 1013 904 vero

51 946 84 969 non
96 934 134 979 quia
147 934 195 973 clam,
209 934 239 967 sed
251 935 289 979 quia
300 933 353 967 serius
366 944 414 979 quam
426 934 484 967 iratres
497 933 517 966 ad
525 933 584 966 festum
592 932 675 972 ascendit,
689 932 789 978 aliquamdiu
798 944 835 966 eum
844 933 944 977 quaerebant
951 932 1013 966 ludaei.

96 997 124 1037 14,
137 1007 154 1033 ac
167 997 261 1042 simpliciter
272 998 310 1041 legit
322 994 330 1030 ό
343 997 360 1030 δὲ
371 995 474 1038 καραῖκλκγτος
485 993 527 1038 ὑμᾶς
539 994 600 1036 διδάξει
611 995 672 1030 omissa
680 996 754 1041 longiore
763 997 820 1041 glossa
831 994 849 1028 τό
861 997 925 1038 πνεῦμα
936 995 954 1029 τό
967 995 1014 1040 όγιον

49 1061 59 1095 δ
70 1060 128 1104 πέμψει
141 1059 150 1094 ό
161 1059 214 1103 πατὴρ
227 1060 244 1094 ἐν
255 1063 278 1106 τῷ
293 1058 361 1103 ὀνόματί
372 1073 411 1103 μον,
425 1059 492 1100 ἐκεῖνος,
505 1070 547 1105 quae
559 1059 664 1093 incommode
675 1065 713 1103 post
725 1057 828 1102 παράκλητος
839 1059 928 1093 intruditur.

93 1126 178 1158 Postremo
191 1124 261 1158 abluite
273 1124 325 1157 Nonni
338 1124 396 1157 codice
410 1123 437 1163 18,
450 1133 467 1158 ss
479 1117 500 1164 ἦν
512 1121 529 1154 δὲ
541 1123 583 1165 πρωί
594 1123 649 1157 inutile
661 1128 700 1166 post
711 1123 748 1167 galli
760 1128 824 1157 cantum
836 1123 886 1156 modo
899 1129 1012 1164 memoratum,

51 1188 78 1229 19,
91 1198 108 1224 13
121 1187 146 1219 inl
157 1185 229 1230 βήματος
241 1193 285 1221 certe
297 1197 330 1220 non
342 1187 461 1228 necessarium3
474 1186 503 1219 luit
513 1187 529 1220 in
541 1197 561 1220 eo
574 1187 603 1228 20,
616 1198 633 1223 rc
645 1187 699 1220 solum
710 1184 796 1230 Ῥαββοννό
808 1187 842 1221 sine
854 1187 991 1231 interpretatione.

93 1251 131 1284 Aliis
142 1251 183 1284 locis
191 1252 258 1284 Nonnus
267 1260 286 1284 ea
295 1250 365 1294 ignerat,
378 1261 420 1295 quae
433 1250 511 1283 aliunde
522 1251 608 1295 repetita
619 1250 699 1284 uidentur)
717 1250 746 1283 Hie
758 1256 795 1285 ante
807 1250 860 1284 omnia
872 1251 882 1283 ii
894 1250 926 1284 loci
938 1250 1014 1285 enotandi

50 1321 94 1355 sunt,
106 1314 122 1346 in
135 1313 194 1358 quibus
207 1314 286 1347 sollemne
297 1313 336 1346 illud
349 1311 399 1355 durio
411 1311 461 1356 ἀμόγν
473 1311 521 1355 λέγω
532 1311 580 1356 ὑμῖν
593 1319 621 1348 aut
634 1324 667 1347 non
679 1314 718 1358 tegit
729 1319 757 1347 aut
767 1325 817 1347 versu
829 1320 903 1358 repetere
916 1313 1013 1360 dedignatus

49 1384 78 1412 est,
90 1377 167 1411 Reddidit
178 1387 218 1411 sane
232 1376 249 1417 1,
263 1388 280 1412 25
291 1388 305 1410 v.
318 1387 353 1412 eoo:

307 1437 392 1483 μόρτνροκ
404 1437 519 1482 ἐμπεδόμνθον
530 1437 574 1483 ιἰμὴν
585 1438 629 1483 ἀμὴν
641 1438 689 1482 σέβας
701 1439 740 1472 ἔσται

48 1506 119 1550 itemque
131 1503 149 1544 5,
162 1514 179 1539 oc
190 1515 205 1537 v.
218 1514 235 1540 no
247 1503 332 1537 substituto
345 1501 394 1536 πόλιν
406 1515 436 1549 pro
448 1501 504 1546 σέβας,
519 1509 553 1537 tum
567 1504 594 1545 to,
608 1517 616 1540 1
630 1502 713 1547 μάρτυρος
725 1502 841 1551 ἀστνφόλικιρς
852 1502 896 1547 ἀμὴν
908 1503 950 1548 ἀμὴν
964 1504 1012 1548 λόγος

48 1568 95 1609 ἔστι),
113 1568 185 1612 itemque
197 1567 215 1608 3,
227 1579 245 1603 ao
258 1567 343 1601 substituto
356 1566 470 1610 ἐμειεδόμνδος
481 1578 510 1612 pro
523 1566 642 1616 αστνφέλικτος.
667 1569 707 1601 Tum
720 1567 746 1609 16,
760 1579 777 1604 ao
788 1579 819 1614 per
830 1567 886 1611 ὅρκιον
897 1567 1012 1612 ἐμιτεδόμνδον

48 1630 91 1675 λμὴν
99 1629 143 1673 ἀμὴν
151 1628 228 1672 docendo.
247 1631 280 1665 Sed
288 1631 341 1664 omisit
349 1631 366 1671 3,
375 1642 388 1667 3.
398 1642 412 1667 s.
425 1631 443 1672 5,
452 1641 474 1666 ετ.
487 1630 504 1672 6,
513 1640 534 1667 aa.
544 1642 566 1667 oe.
578 1632 596 1672 8,
605 1643 627 1668 ar.
638 1642 660 1668 ss.
673 1631 702 1672 10,
710 1643 724 1668 n.
737 1632 766 1673 ta,
774 1644 796 1668 -κι,
810 1632 838 1673 13,
847 1643 868 1669 ιο,
879 1644 903 1668 ει.
913 1643 934 1669 aa.
948 1632 975 1673 14,
988 1644 1010 1668 ιν.

49 1694 78 1736 16,
90 1706 113 1731 23.
125 1693 154 1733 21,
166 1705 188 1730 rs.
212 1695 236 1728 De
248 1694 273 1727 his
285 1694 375 1739 singulatim
388 1695 444 1728 dicere
455 1695 510 1728 inutile
522 1701 552 1729 est.

91 1757 155 1802 llajoris
167 1758 243 1791 momenti
256 1758 281 1791 alii
293 1762 330 1790 sunt
342 1758 378 1791 loci.
393 1759 415 1791 lta
429 1758 447 1797 3,
460 1768 477 1793 aa
486 1769 510 1803 sq.
522 1765 590 1803 recepta
601 1759 650 1792 lectio
662 1758 704 1792 haec
716 1764 749 1793 est:
762 1756 771 1791 ὁ
783 1758 848 1792 torneae
859 1757 945 1801 ἐρχόμενος
956 1757 1010 1792 ἑκόντι

46 1820 112 1855 πάντων
123 1820 174 1854 ἐστίν,
192 1819 237 1854 boia
249 1820 266 1853 ἐκ
277 1822 305 1863 τῆς
320 1823 350 1864 γῆς
364 1821 382 1854 ἐκ
393 1823 421 1864 τῆς
432 1824 462 1864 γῆς
473 1820 515 1853 ἐστὶν
526 1821 553 1854 καὶ
565 1821 582 1854 ἐκ
593 1823 622 1864 τῆς
633 1823 663 1864 γῆς
674 1824 730 1854 λαλεῖ·
749 1819 788 1855 tte
799 1820 914 1866 roccolenum]
926 1821 1011 1866 ἐρχόμενος

47 1885 101 1918 ἐπάνω
112 1882 178 1917 πόντων
190 1883 241 1924 ἐστόν,
255 1884 281 1917 καλ
294 1882 304 1916 ὃ
315 1882 385 1926 ἑόρακεν
396 1884 424 1918 καὶ
435 1884 513 1928 ἥκουσιν,
527 1886 575 1917 τοῦτο
587 1887 670 1928 μαρτυρεῖ.
694 1884 747 1919 Verba
759 1892 797 1930 post
808 1885 890 1919 minimum
903 1887 972 1930 spatium
983 1897 1011 1920 re-

46 1950 95 1994 petite
107 1946 162 1981 ἐνάγει
174 1946 240 1980 πόντον
252 1947 294 1981 ἐστίν
306 1959 344 1982 cum
357 1949 393 1983 eod.
406 1950 420 1982 D
432 1948 500 1982 Hilarius
513 1948 577 1989 omittit,
592 1937 670 1993 suspecta
681 1959 719 1982 esse
731 1949 779 1982 etiam
790 1949 869 1994 particula
883 1960 925 1994 quae
937 1950 1010 1995 sequitur

46 2013 73 2046 καό
84 2012 137 2057 arguit
148 2012 164 2045 in
176 2012 229 2045 multis
241 2011 286 2045 libris
298 2013 359 2046 omissa
371 2018 387 2047 et
399 2024 408 2047 e
420 2014 458 2046 LTB
471 2013 550 2046 damnata.
574 2014 649 2046 Ncnnum
661 2012 674 2045 si
688 2012 763 2046 audimus
774 2025 789 2046 v.
804 2023 829 2048 155
840 2024 864 2058 sq.

312 2074 330 2114 ὃς
342 2075 360 2108 δὲ
371 2074 391 2109 δι’
404 2077 479 2119 αἰθερίου
490 2074 600 2117 δεοδόγμονος
611 2077 654 2109 ἵκετο
665 2074 736 2115 κόλπου,

312 2137 402 2182 φθέγγεται
414 2137 507 2183 οὐρανόθεν
517 2140 566 2184 rouro
578 2138 642 2177 ἔκλυεν,

45 2203 88 2236 hunc
100 2201 215 2246 simpliciorem
227 2213 258 2236 nec
270 2202 323 2235 minus
337 2204 443 2247 perspicuum
454 2202 551 2237 habebimus
566 2203 646 2248 evangelii
659 2208 729 2236 tentum:
747 2200 756 2235 ὁ
769 2202 786 2236 ἐν
797 2204 827 2236 τοῦ
839 2200 912 2244 οὐρανοῦ
924 2200 1009 2245 ἐργόμενος

45 2264 55 2299 ὃ
65 2264 141 2309 ἤκουσεν,
154 2266 203 2297 τοῦτο
214 2268 296 2309 μαρτυρεῖ.

66 2369 68 2373 Δ
89 2329 110 2368 5,
121 2339 139 2364 ιο
150 2327 177 2360 καὶ
189 2326 209 2361 cri
221 2327 276 2362 θέλετε
288 2328 342 2361 ἐλθεῖν
353 2327 394 2372 πρός
406 2342 425 2372 με
437 2331 470 2372 [tea
482 2328 524 2373 ζωὴν
537 2330 591 2373 όγιγτελ.
615 2330 681 2369 Ultima,
700 2342 743 2376 quae
754 2331 817 2365 uncinis
830 2330 883 2374 sepsi,
902 2330 937 2364 sine
949 2341 1009 2364 neces-

45 2393 90 2426 sitate
102 2397 198 2435 repetuntur
208 2402 228 2425 en
237 2403 254 2428 39
265 2392 339 2435 ἐριννολτε
351 2391 380 2431 τός
390 2392 464 2436 γραφείς,
477 2392 502 2426 ὅτι
512 2391 559 2436 ὑμεῖς
571 2395 631 2427 δοκεῖτε
643 2393 660 2426 ἐν
673 2394 730 2432 adroic
741 2392 784 2437 ζωὴν
795 2391 862 2426 αλιόνιον
874 2391 920 2435 ἔχειν.
932 2394 966 2427 Nec
977 2391 1008 2426 illic

44 2456 60 2490 in
72 2455 158 2490 codicibus
170 2455 268 2500 quibusdam
280 2453 347 2488 αλιόνιον
360 2456 413 2497 deest,
428 2456 472 2502 quod
484 2468 533 2497 sane,
547 2458 559 2490 si
570 2457 661 2491 membrum
674 2456 758 2502 repetitur,
771 2467 821 2501 aegre
834 2457 942 2491 desideratur.

89 2520 105 2559 7,
118 2529 136 2554 50
148 2516 189 2560 λέγει
201 2517 295 2561 Νικόδημος
310 2517 351 2562 πρὸς
366 2517 434 2559 αὐτούς,
452 2517 469 2562 [ὁ
481 2518 535 2553 ἐλθόν
546 2519 586 2564 πρός
598 2519 649 2554 αὐτόν
660 2518 747 2564 πρότερον,
760 2517 782 2558 εἷς
794 2518 818 2553 νόν
831 2519 847 2560 ἐξ
858 2519 925 2562 κότιλνλ,
943 2518 1006 2558 Ultima,

4 2589 6 2592 ·
45 2593 86 2628 quae
100 2582 164 2615 uncinis
175 2581 229 2626 sepsi,
242 2583 287 2616 vario
299 2583 349 2616 medo
361 2583 433 2617 inlibris
446 2583 503 2617 tradita
516 2583 595 2628 ignoravit
606 2585 682 2618 Nonuus:
695 2594 715 2617 ex
729 2582 758 2622 19,
772 2595 789 2621 so
801 2588 865 2629 sumpta
877 2583 955 2617 videntur.
