2194 2995
469 215 635 261 '-22-

318 327 345 361 καί
357 325 406 367 λύκος
418 325 526 371 ιἰμκνλίιμητις
537 326 619 370 ἐπέρχεται
630 326 692 371 ἅρπαμι
703 329 756 373 λαιμῷ

276 389 278 391 ’
310 393 361 434 Ἰμῆλα
373 389 479 431 διασκεδασμς
491 388 592 434 σημάντορος
604 389 624 424 od
636 388 731 434 παρεόντος.

95 460 112 493 ln
123 457 147 490 his
159 456 214 490 omnia
228 455 289 501 optime
304 456 398 496 convenire,
417 460 434 488 ut
446 455 467 488 de
479 454 606 500 transponendis
622 455 689 499 singulis
701 453 778 488 membris
789 454 857 499 cogitari
869 461 949 501 nequeat,
967 465 1016 489 nemo
1029 467 1062 490 non

95 521 143 555 videt.
156 520 191 554 Sed
202 530 223 553 ea
234 518 247 552 si
259 528 375 563 comparamus
387 529 424 552 cum
436 517 536 564 archetypo,
548 522 610 552 tantum
621 518 637 551 in
648 518 718 562 partium
731 517 837 562 dispositione
849 517 954 553 offendemus
967 518 1061 558 discrimen,
1074 554 1079 561 ἡ

94 590 121 622 ut.
140 583 168 629 qui
178 584 211 627 jam
223 581 346 627 paraphrastam
358 581 401 616 bene
413 581 484 620 noverit,
503 580 577 615 dubitare
588 592 622 615 non
634 581 695 626 possit,
713 581 752 627 quin
762 581 778 615 ei
788 580 838 626 longe
850 576 881 616 alia
893 587 930 616 ante
943 582 1000 616 oculos
1014 582 1062 620 fuerit

93 647 135 682 haec
147 646 207 680 series:
225 643 233 679 ὁ
248 643 267 679 δὲ
280 642 362 688 μισθωτὸς
376 642 407 678 οὐκ
421 643 445 677 τίν
456 642 518 687 ποιμὴν
529 647 589 687 θεωρεῖ
601 642 630 677 τὸν
642 642 694 677 λύκον
710 642 797 687 ἐρχόμενον
811 643 837 695 καὶ
853 642 948 687 peripatetici
961 642 1030 687 νἰιμίησιν
1041 642 1061 677 τοί

94 709 176 754 πρόβατα,
189 707 247 752 φεύγει
258 708 286 742 καί
297 705 317 741 ov'
328 705 371 750 μέλει
383 706 428 754 αὐτῷ
439 708 517 751 περὶτῶν
528 705 621 750 προβάτων,
634 705 659 740 ὅτι
666 705 749 749 μισθωτός
760 706 810 749 ἐστιν,
822 702 843 741 οὗ
855 705 886 741 οὐκ
901 706 945 741 ἔστιν
955 706 975 741 τοί
987 705 1062 751 πρόβατα

94 775 134 808 ίθια
145 772 173 806 καὶ
185 771 247 815 ἔρχεται
258 769 267 804 ὅ
279 769 328 810 λιίκος
339 771 367 804 καί
378 769 446 815 ἁρκοίζει
457 769 477 804 zui
488 756 563 814 πρόβατα
574 770 602 803 καί
613 770 700 813 σκορπίζει.
979 772 981 774 ’

137 837 208 870 Prorsus
220 835 279 869 eadem
290 845 317 869 res
330 839 355 868 est
368 834 396 875 14,
409 846 460 874 o-rr,
474 834 534 879 quibus
547 833 647 878 respondent
658 833 728 867 Nonuici
739 844 797 868 versus
809 844 826 870 ³3
838 845 875 880 sqq.

327 898 394 939 πηλίκον
405 897 444 940 εἰμί,
458 897 538 935 Φίλιππε,
550 894 603 929 πολὺν
614 894 675 940 χρόνον
687 893 746 929 ἐνθάδε
758 897 823 939 μίμνειν
839 936 841 938 ,

327 958 409 1003 σιίννομος
420 958 489 1003 ὑμείων,
500 960 528 993 καί
540 958 580 1002 ἐμὴν
592 958 623 993 οὐκ
634 957 676 998 εἶδες
688 957 763 1002 ὀπωπήνς

287 1035 304 1061 35
326 1025 359 1062 πᾶς
369 1021 436 1068 βροτός,
448 1022 467 1062 iis
478 1034 498 1066 με
509 1020 565 1065 νόησε,
577 1022 604 1056 καὶ
616 1021 689 1066 ίίφθιτον
700 1021 733 1056 εἶδε
744 1022 805 1066 τοκῆας

327 1085 374 1120 οὔπω
385 1087 440 1120 πίστιν
452 1086 500 1130 ἔχεις,
513 1085 538 1120 ὅτι
549 1084 619 1129 σύζνμός
630 1087 662 1129 είμι
673 1087 732 1130 τοκῆος

325 1150 352 1184 καὶ
362 1149 428 1193 μενέτης
439 1148 506 1193 μεθέπει
517 1161 536 1192 με
547 1151 576 1193 μιῇ
588 1148 693 1193 συναρηρότα
703 1151 766 1194 μορφῇ;

325 1213 353 1247 καὶ
364 1213 417 1248 πόθεν
428 1214 492 1253 αἰτίζεις
503 1224 523 1255 με
536 1211 647 1259 «μεριζομένῳ
659 1213 691 1246 τινὶ
700 1202 758 1258 θεσμῷ

326 1277 380 1317 δεῖξον
391 1276 426 1320 ἐμοί
437 1278 534 1320 γενετῆρος»
547 1275 576 1310 τὸν
588 1275 654 1320 ἔδρακες
665 1277 688 1316 είς
699 1276 727 1319 ἐμὲ
738 1275 817 1310 λεύσσων·

284 1352 303 1377 κο
325 1339 343 1373 ἐκ
354 1341 421 1384 κραδίης
432 1339 459 1374 ὅτε
470 1342 526 1383 μῦθον
538 1338 632 1383 ἐρεύμομαι,
644 1341 667 1379 είς
679 1339 706 1383 ἐμὲ
717 1341 780 1383 μίμνων

325 1402 374 1443 ξυνὸς
386 1403 421 1446 ἐμοί
432 1402 506 1437 λαλέοντι
517 1402 569 1447 πατὴρ
582 1402 620 1446 ἐμὸς
632 1403 681 1448 ἔργον
691 1401 765 1447 ὑφαίνει.

327 1465 378 1500 Οὔπω
389 1466 464 1512 μοίρτνρα
476 1468 531 1509 μῦθον
543 1464 654 1500 ἐπισπείσασθε
665 1469 741 1510 μενοινῇ,

325 1528 349 1569 [ὃς
361 1530 379 1564 ἐν
390 1530 425 1573 ἐμοὶ
437 1529 498 1564 τελέθει
509 1529 574 1573 μενέτης
585 1527 632 1572 ἐμός,
645 1528 680 1563 ὅττι
690 1530 717 1563 καί
729 1527 778 1568 αὐτὸς

325 1592 411 1637 σύμφυτός
423 1595 455 1637 είμι
466 1595 533 1636 τοκῆος,
546 1591 577 1635 ἐγώ
588 1592 658 1633 λαλὲων,
671 1590 681 1626 ὃ
693 1591 710 1626 δὲ
722 1591 779 1635 ῥέζωνς

283 1669 300 1694 te
324 1658 338 1691 εἰ
348 1656 371 1701 μὴ
383 1657 419 1701 ἐμοί
429 1657 514 1698 πείθεσθε,
527 1659 584 1699 σοφοῖς
595 1654 690 1689 πιστεύσατε
700 1654 768 1698 μοίνοις

325 1719 379 1763 ἔργοις
390 1718 492 1764 ἡμετέροισιν
503 1725 534 1754 eto.
927 1761 929 1765 Ι

89 1788 179 1824 Emendavi
194 1785 341 1831 interpunctionem
351 1804 374 1809 —
388 1797 403 1819 v.
415 1796 433 1821 as
444 1785 494 1829 vulgo
505 1781 603 1828 μεριζομένῳ
614 1782 646 1816 τινί
660 1784 717 1828 θεσμῷ
732 1783 785 1828 inepte
800 1794 837 1818 eum
852 1784 915 1825 αἰτίζεις
926 1796 946 1827 με
956 1785 1028 1830 jungitur
1041 1791 1057 1819 et

89 1865 105 1887 v.
116 1863 133 1889 κο
144 1863 198 1897 nuper
209 1850 299 1884 Passovius
311 1854 368 1884 contra
379 1849 434 1883 Nerusii
446 1848 595 1893 interpretationem
606 1852 644 1891 post
656 1843 743 1888 ἕρεύμομαι
754 1852 831 1891 punctum
842 1847 875 1881 furit
883 1853 929 1882 —et
937 1860 952 1883 ν,
961 1859 978 1884 ea
989 1860 1019 1893 pro
1030 1848 1057 1881 καί

90 1914 121 1949 σίν
132 1927 152 1950 eu
165 1915 193 1956 10,
204 1926 220 1949 ν,
228 1925 255 1951 137
267 1913 325 1958 scripsi
337 1910 364 1952 ὡς
375 1912 403 1951 ἐν,
416 1923 486 1958 quorum
497 1911 543 1955 prius
552 1912 586 1954 jam
597 1910 682 1945 invenerat
693 1910 789 1944 Nausius.
801 1912 835 1945 Jam
847 1922 887 1946 vero
900 1913 954 1946 omnia
967 1918 999 1946 tam
1012 1912 1056 1946 bene

88 1979 187 2025 procedunt,
200 1983 218 2011 ut
228 1987 260 2011 neo
272 1975 362 2021 quidquam
373 1976 410 2009 loeo
423 1975 485 2008 moveri
494 1979 544 2019 queat
554 1984 585 2008 nee
597 1974 641 2008 aliud
652 1973 711 2007 alicubi
724 1973 768 2013 addi,
780 1974 798 2007 id
810 1975 854 2019 quod
866 1976 926 2020 optime
939 1976 1011 2021 perspici
1023 1987 1054 2021 po-

88 2048 120 2077 test
132 2053 152 2076 ex
163 2041 222 2076 infelici
233 2039 300 2074 Nansii
313 2044 380 2079 conatu,
396 2039 432 2084 qui,
448 2043 465 2071 ut
476 2038 544 2082 propius
556 2038 577 2071 ad
593 2048 630 2071 eam
642 2047 691 2082 quam
705 2048 748 2071 nunc
759 2036 839 2072 habemus
850 2039 918 2073 Joannei
930 2044 984 2073 textus
998 2039 1056 2074 condi-

87 2107 148 2140 tionem
160 2105 256 2139 admoveret
267 2103 351 2141 Nonnum,
363 2107 380 2135 et
391 2113 406 2136 ν.
418 2112 435 2138 ao
447 2112 473 2146 sq.
484 2105 523 2145 post
532 2112 548 2134 v.
560 2110 577 2137 ao
589 2101 689 2145 transposuit
702 2106 718 2134 et
733 2101 804 2142 medium
819 2112 886 2136 uersum
897 2113 915 2138 κο
926 2102 1011 2147 interrupit
1022 2114 1055 2146 non

90 2169 142 2203 minus
155 2173 225 2213 quatuor
237 2165 314 2211 pessimis
326 2174 367 2198 suae
377 2164 450 2198 fabricae
462 2162 538 2197 versibus
549 2163 591 2197 inter
603 2161 690 2206 ἑρεύγομαι
702 2168 718 2196 et
730 2164 752 2202 είς
763 2162 790 2206 ἐμὲ
801 2164 872 2199 intrusis.
895 2166 910 2198 Is
922 2166 977 2210 potius
989 2166 1055 2200 ioannis

89 2232 139 2266 verba
150 2231 183 2265 hoe
195 2230 252 2265 ordine
263 2228 349 2273 modoque
361 2228 421 2272 scripta
434 2227 524 2262 enarravit:
547 2228 630 2260 Τοσοῦτον
643 2225 712 2269 χρόνον,
727 2227 804 2265 Φίλιππε,
818 2226 855 2269 μεθ’
866 2225 914 2270 ὑμῶν
926 2228 965 2271 εἰμι’,
983 2228 1010 2261 καὶ
1024 2227 1055 2262 οὐκ

88 2292 159 2337 ἒμνακίις
170 2305 197 2337 μει
209 2290 219 2326 ὁ
230 2289 307 2337 ἑωρακώς
319 2289 347 2332 ἐμὲ
358 2290 385 2324 καί
397 2288 468 2334 ἑώρακεν
478 2288 508 2323 τὸν
520 2289 587 2333 πατέρα’
600 2288 620 2323 od
631 2287 712 2328 πιστεύεις
724 2288 749 2323 ὅτι
760 2288 791 2332 ἐμοὶ
807 2289 825 2323 ἐν
838 2292 861 2336 τῷ
875 2291 924 2334 πατρί
940 2291 967 2325 καί
979 2289 988 2325 ὁ
1000 2290 1054 2335 πατὴρ

88 2357 106 2392 ἐν
118 2356 154 2400 ἐμοί
165 2356 215 2395 ἐστιν;
232 2356 260 2389 καλ
275 2355 310 2394 πῶς
325 2351 345 2387 σύ
357 2352 408 2396 λέγεις
419 2354 479 2394 Δεῖξον
490 2350 529 2397 ἡμῖν
540 2352 569 2387 τὸν
581 2352 650 2397 πατέρα,-
666 2351 685 2386 τοί
697 2351 761 2397 ῥήματα
773 2352 783 2387 ii
795 2351 826 2396 ἐμοὶ
837 2356 882 2388 λαλεῖ
900 2353 928 2388 ἀπ’
945 2352 1054 2398 {peucetio

87 2418 153 2463 πατὴρ
170 2418 191 2452 ἐν
207 2419 248 2462 ἐμοὶ
262 2417 329 2462 μένειν
343 2421 399 2450 ποιεί
412 2417 457 2461 ἔργα
471 2416 534 2451 αὐτοῦ
541 2443 545 2451 .
563 2415 585 2450 οὐ
600 2417 643 2460 (enm
655 2417 741 2462 vulgata
752 2418 815 2452 addunt
826 2419 874 2453 etiam
886 2419 917 2462 aiii}
932 2417 1013 2452 πιστεύετέ
1026 2430 1054 2461 μοι

88 2484 113 2519 ὅτι
124 2481 133 2517 ὁ
145 2480 211 2526 πατὴρ
223 2481 242 2515 ἐν
254 2481 301 2525 ἐμοὶ
312 2479 364 2524 κοῖμοὶ
376 2480 397 2515 ἐν
408 2483 434 2527 τῷ
445 2482 505 2525 πατρί
513 2481 542 2524 [sio
550 2475 587 2516 cod.
595 2483 609 2516 D
618 2486 634 2515 et
642 2481 725 2524 Hilarius);
737 2482 753 2514 εί
761 2478 794 2524 μη,
806 2478 861 2515 orent
870 2481 909 2524 ἔργα
918 2480 960 2515 αὐτὰ
968 2480 1053 2515 πιστεύετε.
1086 2480 1088 2484 ⁴

87 2547 141 2584 Verba
150 2545 171 2580 κοί
182 2543 325 2590 ῥήματα-αὐτοῦ
332 2551 377 2590 patet
385 2545 473 2580 hoemodo
482 2546 556 2579 Nonnum
567 2545 661 2590 accepisse:
674 2544 738 2579 verba
749 2555 801 2590 quae
814 2555 822 2578 e
827 2555 852 2589 go
864 2546 978 2592 proloquor
990 2557 1013 2580 cx
1024 2555 1053 2578 me

88 2623 110 2647 ea
121 2616 179 2657 pater
190 2609 235 2644 mihi
246 2609 354 2643 immanens
367 2615 386 2644 ut
398 2620 434 2643 sua
446 2609 511 2654 ipsius
523 2620 588 2654 opera
599 2609 710 2654 progignit.
729 2609 752 2642 Ita
762 2607 810 2642 vides
821 2608 912 2643 Nonnicum
923 2614 985 2644 textum
995 2620 1054 2655 quam-
