2194 2995
519 215 638 249 r-c-

104 318 182 364 legerint,
194 317 275 352 fateantur
286 328 304 350 se
317 327 384 363 quoque
397 328 417 351 en
428 316 460 351 boc
472 316 549 352 meliores
562 318 620 352 laotos.
636 318 698 353 Etenim
707 329 801 364 quanquam
809 320 831 353 ita
839 305 1070 365 religioseservaritNounus

104 382 154 428 leges
162 378 290 424 maecenatesque,
303 386 321 414 ut
333 381 354 415 de
367 392 397 415 suo
405 381 432 415 uix
444 381 534 431 quidquam
547 381 628 416 ‘addiderit
639 382 704 422 loanni,
716 382 870 428 tamenplerasque
883 374 1025 417 senteutiasmira
1034 385 1070 418 foe-

104 446 163 481 licitate
175 447 265 481 illustrauit.
288 445 340 479 Huius
352 444 400 489 igitur
411 443 503 478 aedificium
515 450 591 490 putemus
604 455 623 478 ex
635 455 675 479 auro
687 450 770 485 constare,
783 446 810 491 qui
822 446 896 490 proxime
908 447 982 492 sequitur
993 445 1070 493 archety-

103 521 150 555 pum,
159 516 194 544 'nec
206 510 264 555 procul
277 508 297 543 ab
310 509 347 553 ipsa
358 507 424 541 historia
435 507 520 552 Euangelii
533 507 609 549 discedit,
622 514 676 542 tamen
687 514 705 542 ut
717 515 788 550 enarret,
802 515 819 543 et
830 509 893 545 adterat
903 511 957 544 lucem
969 509 1069 544 obscuriori-

102 574 135 608 bus
144 573 232 608 senteutiis.
247 573 295 607 Volui
303 578 357 606 autem
365 571 396 604 sub
405 576 433 604 tuo
441 571 507 604 nomine
515 572 534 607 R,
542 572 560 606 P.
568 571 611 605 hune
618 571 677 605 librum
685 571 776 617 publicare,
789 573 828 617 quia
837 583 873 606 cum
881 572 948 618 aliquod
956 573 978 607 ad
986 579 1001 607 te
1009 585 1068 607 munus
1088 600 1089 603 ,

95 634 166 672 'mittere
177 637 277 677 doluissem,
290 636 321 670 feci
333 634 395 668 scilicet
404 635 449 680 quod
462 634 506 668 multi
515 636 577 675 solent,
589 635 610 668 de
622 635 675 669 alieno
688 636 759 669 liberalis
767 636 796 676 lui,
808 635 952 681 tibique-alienum
963 647 1006 681 opus
1018 638 1078 681 mitto,—

104 701 150 746 quod
157 699 217 734 homini
230 699 289 733 amanti
297 698 361 743 pietatis
374 704 391 732 et
403 698 487 732 doctrinae
495 698 603 744 Euangelioae
612 699 681 732 maxime
690 699 785 743 placiturum
794 710 832 733 esse
841 698 949 735 confidebam,
964 700 1021 734 Valeo)
1034 701 1068 734 Nee

103 762 231 798 Melanchthonis
244 761 363 797 commendatio
376 771 457 795 successu
470 763 525 795 caruit
543 762 582 796 Post
593 761 697 795 Secerium
710 762 758 802 enim,
772 764 799 808 qui
807 763 868 807 primus
881 763 897 796 in
908 763 994 797 Germania
1006 774 1026 797 ex
1034 764 1068 797 Al-

103 828 147 865 dina
160 827 232 861 editione
244 826 288 859 circa
299 826 354 870 ipsum
366 824 414 869 hujus
426 825 488 858 saeculi
503 825 564 859 initium
579 835 657 869 expressa
667 825 779 870 ,paraphrasin
793 827 864 871 repetiit,
880 837 933 872 usque
950 826 971 861 ad
983 827 1067 872 sequentis

102 891 165 925 saeculi
177 901 237 924 anuum
248 890 302 924 XLIV.
317 900 350 923 non
364 889 416 922 minus
431 889 484 924 matt.
498 889 576 922 editiones
591 888 606 921 in
622 888 675 933 iisque
691 889 740 922 etiam
755 889 798 923 duae
810 900 825 923 a.
837 885 918 923 llDLXXI.
934 896 950 923 et
964 890 1074 925 tietmar:

101 955 197 989 Basileae
211 953 269 997 apud
284 953 366 986 Petrum
380 952 464 1002 Pernam
476 952 571 996 prodierunt
576 964 581 989 ;
598 961 630 984 nec
643 952 749 996 interpretum
761 953 833 986 studium
845 953 915 987 cessarit
926 958 964 998 post
976 953 1067 988 Christo-

102 1018 186 1063 pborum
198 1015 393 1061 Hegendorphinum
405 1016 480 1049 Ioanne
492 1015 588 1055 Bordato,
603 1014 691 1049 Erhardo
703 1015 839 1054 Hedenecoio,
855 1016 938 1051 Henrieo
950 1017 1081 1061 Bollingero.

102 1082 118 1114 in
130 1093 167 1116 eam
178 1079 279 1125 prouinciam
291 1078 425 1112 succedentibus.
437 1079 461 1112 Ex
472 1077 497 1111 his
509 1084 562 1112 tamen
574 1077 671 1112 editionibus
683 1084 748 1124 praeter
758 1080 849 1124 principem
860 1080 902 1113 duae
913 1087 974 1114 tantum
984 1065 1066 1126 hodieque

102 1143 205 1179 adhibendae
218 1149 263 1181 sunt,
280 1153 312 1176 una
326 1142 434 1176 Francisci
449 1141 526 1184 Nausii,
543 1152 584 1187 quae
601 1142 687 1187 «Lugduni
701 1143 798 1177 Batavorum
812 1154 833 1177 er
847 1142 910 1178 olficina
925 1144 1037 1186 Plautinianat
1051 1155 1066 1177 a.

102 1208 213 1242 IIDLILIXIX.
225 1206 291 1250 prodiit,
305 1211 374 1250 propter
388 1211 442 1245 notas,
462 1206 491 1238 ain
503 1205 561 1250 quibos
573 1205 622 1238 multa
634 1217 667 1239 non
679 1206 752 1250 vulgaria
763 1211 868 1247 tractantur»,
880 1218 911 1251 pro
922 1207 953 1241 illis
965 1207 1065 1251 temporibus

95 1266 160 1306 >doctas
172 1281 213 1304 saue
225 1275 276 1315 atque
288 1269 309 1303 ad
320 1268 459 1312 interpretandum
472 1274 488 1301 et
500 1269 628 1313 comparandum
640 1280 677 1303 cum
689 1269 779 1316 ncheqpo
790 1271 864 1304 Nonnom
876 1269 920 1304 baud
931 1271 1065 1304 contemnendas.

103 1335 161 1369 Contra
176 1334 192 1367 in
203 1332 319 1377 interpolando
333 1333 391 1366 Nonno
406 1331 496 1365 incredibili
511 1332 605 1366 credulitate
620 1339 695 1366 versatus
710 1338 739 1365 est.
762 1333 803 1367 Nam
818 1344 855 1367 cum
868 1334 902 1377 jam
915 1335 924 1366 J
928 1327 1003 1368 oannes
1015 1334 1065 1367 Bor-

102 1398 175 1439 (latus,
194 1398 242 1441 eujus
254 1397 303 1430 editio
320 1396 398 1429 «Parisiis
410 1407 430 1429 ex
442 1395 506 1429 olficina
518 1395 571 1430 Caroli
582 1395 655 1429 Perieri»
671 1407 685 1429 a.
697 1396 765 1429 llIDLlII.
778 1390 845 1440 prodiit,
864 1396 897 1430 «aa
914 1398 995 1441 octoginta
1006 1407 1064 1431 versus

101 1462 148 1506 operi
159 1471 218 1495 manco
231 1470 250 1494 se
263 1460 354 1494 restituisse
370 1469 390 1493 ex
402 1459 512 1503 manuscripto
524 1459 581 1493 codice
589 1458 646 1492 Iacobi
654 1459 758 1493 Salomonis»
772 1465 799 1493 aut
810 1459 852 1503 turpi
864 1470 920 1494 errore
931 1466 959 1494 aut
970 1460 1064 1505 impudente

100 1525 188 1559 mendacio
201 1523 337 1569 praedicarisset,
354 1523 424 1556 Nansius
436 1534 468 1567 non
487 1522 539 1556 solum
556 1522 587 1556 bos
599 1539 621 1543 -
633 1528 678 1556 crant
689 1533 729 1556 vero
740 1534 777 1557 non
789 1524 845 1556 [aba
856 1523 887 1557 sed
898 1529 958 1558 tantum
970 1525 1032 1558 LXVIII
1044 1519 1061 1549 -’

100 1594 184 1634 tamquam
192 1586 273 1631 genuinos
280 1586 344 1630 recepit
352 1585 382 1619 sed
391 1585 445 1625 etiam,
457 1591 534 1629 receptae
546 1585 619 1619 lectionis
628 1586 723 1631 ubicunque
732 1586 757 1619 rel
766 1580 840 1620 Voculam
849 1597 858 1620 a
866 1587 922 1621 Nonno
931 1587 1064 1632 praetermissam

100 1651 170 1690 videret,
180 1649 220 1684 >eam
232 1650 258 1683 vel
271 1661 302 1683 uno
315 1650 341 1683 vel
352 1649 426 1694 pluribus
438 1648 513 1683 versibus
528 1649 611 1693 exposuit,
624 1653 686 1682 utnon
699 1648 751 1682 minus
764 1648 920 1684 CCCLXIII.versus
932 1661 942 1684 a
954 1661 973 1684 se
990 1650 1063 1684 adtentos

102 1726 141 1749 esse
154 1714 233 1759 gloriatus
245 1713 270 1747 sit.
292 1712 344 1746 Aliam
356 1723 424 1756 prorsus
439 1705 480 1745 liam
496 1712 529 1745 iniit
542 1712 662 1745 Fridericus
678 1712 805 1758 Splburgius
821 1710 913 1747 criticorum
927 1714 969 1747 illius
984 1715 1062 1758 temporis

100 1779 147 1813 facile
160 1778 246 1822 princepe,
262 1776 288 1822 qui
301 1776 317 1809 in
329 1775 400 1809 editione
412 1786 441 1822 sua
453 1775 522 1819 primum
538 1786 570 1809 aex
581 1775 623 1809 Hier.
636 1775 731 1809 Commelini
743 1773 892 1821 typographicae.
905 1770 987 1811 lIDXCVI.
1004 1778 1064 1812 emissa
1082 1780 1084 1782 ’

101 1847 161 1876 tertam
170 1852 191 1875 ex
198 1839 256 1873 Aldina
264 1839 322 1884 paucis
330 1840 394 1872 mutatis
402 1844 509 1883 propagatum
519 1850 568 1872 «cunr
575 1839 658 1873 Palatinae
666 1838 774 1872 bibliothecae
782 1840 823 1873 libro
832 1844 869 1873 ante
878 1839 928 1874 CCCC
937 1851 990 1874 annos
998 1848 1063 1876 exarato

100 1905 185 1951 diligenter
198 1903 274 1942 contulit,
286 1908 302 1936 et
314 1913 357 1947 quae
369 1902 394 1936 uel
408 1902 461 1936 codex
472 1901 499 1935 ille
510 1903 536 1936 vel
549 1902 599 1946 ipsius
611 1902 695 1936 alienaere
708 1902 812 1945 conjecturae
824 1903 838 1936 ei
849 1903 864 1936 in
876 1909 1063 1948 transcursu'suggere-

100 1968 145 2009 bant,
159 1967 216 2013 paucis
229 1965 326 2000 annotavit.»
345 1965 390 1998 Patet
398 1965 440 1999 hunc
448 1965 517 2009 primum
526 1971 570 1999 certa
578 1964 692 1999 emendandae
701 1964 805 2009 paraphrasis
813 1966 916 2000 fundamenta
922 1967 991 2011 jecisse,
1005 1978 1069 2011 quam-r

100 2043 149 2077 quam
165 2032 201 2076 ipse
214 2040 282 2075 quoque
293 2028 360 2062 Bordati
371 2039 436 2069 uersus,
456 2039 497 2074 quos
515 2035 568 2062 tamen
586 2029 650 2062 rNonni
665 2029 719 2062 stilum
734 2028 777 2062 haud
793 2029 865 2063 referret
878 2030 918 2074 ipse
928 2030 973 2070 vidit,
990 2031 1062 2076 exeeptis

98 2095 166 2129 auum
173 2095 203 2128 illis
209 2093 255 2127 initio
262 2093 319 2137 capitis
326 2092 363 2126 VIII.
370 2092 478 2126 narrationem
485 2091 579 2126 demoliere
585 2092 659 2126 adultera
665 2091 757 2125 tenentibus
766 2093 830 2126 retinuit
838 2104 899 2132 omnes,
908 2094 955 2128 etiam
963 2104 971 2127 a
978 2094 1061 2135 Passovio,

101 2160 128 2203 qui
141 2159 180 2199 satis
193 2157 270 2201 ambigue
279 2156 299 2190 de
311 2156 331 2189 iis
343 2167 359 2200 p.
367 2157 399 2189 tut.
412 2156 500 2195 admonuit,
513 2157 556 2189 male
566 2160 647 2190 seruatos:
658 2160 695 2188 sunt
707 2154 728 2188 ibi
742 2154 769 2194 ta,
782 2167 804 2191 aa.
817 2166 834 2192 aa
846 2167 870 2200 sq.
882 2166 904 2192 aa.
915 2168 990 2193 tas-raa.
1002 2168 1027 2193 777
1037 2169 1061 2203 sq.

100 2221 130 2263 13,
143 2232 174 2258 aaa.
189 2221 215 2257 14,
228 2231 251 2256 aa.
265 2231 283 2257 57
294 2231 320 2264 sq.
332 2231 350 2256 77
362 2226 386 2264 sq.
399 2229 430 2267 111⁵·
445 2219 472 2259 15,
485 2229 507 2254 st.
516 2230 574 2255 tae-or.
588 2218 781 2263 lfi,or.-17,asq.ro.
796 2230 813 2254 as
826 2230 850 2264 sq,
864 2219 891 2259 l8,
904 2231 934 2257 ror.
950 2231 975 2256 aaa
988 2232 1012 2265 sq.

143 2287 182 2319 Tum
189 2295 233 2321 vero,
241 2285 269 2329 qui
278 2283 343 2317 ultimus
352 2292 372 2315 ex
379 2281 423 2316 bisce
432 2282 548 2327 antiquioribus
557 2288 612 2316 nostro
619 2282 673 2316 libello
681 2293 748 2326 operam
754 2282 881 2326 operosissimam
888 2285 957 2325 navarit,
967 2284 1061 2318 Nicolaus

98 2348 197 2381 Heinsius
209 2347 224 2380 in
236 2345 355 2380 Aristarcho
368 2355 428 2379 sacro
442 2345 486 2379 s'ivc
501 2345 524 2379 ad
538 2346 602 2380 Nonni
618 2346 637 2378 in
650 2345 761 2380 Iohannem
776 2346 913 2390 lletaplrrasin
925 2348 1062 2382 Exercitatio-

97 2411 168 2450 nibus,
187 2410 214 2454 qui
228 2409 270 2443 liber
287 2420 320 2443 rex
335 2407 399 2442 officina
413 2409 540 2441 Elzeviriorumo
557 2410 627 2453 primum
642 2420 657 2444 a.
672 2409 775 2443 llDCXXVIl.
790 2415 823 2443 tum
838 2421 852 2444 a.
867 2411 978 2445 olbcfflm'.
993 2411 1060 2456 prodiit,

97 2476 152 2519 potius
172 2471 273 2507 deterruisse
286 2472 361 2506 homines
375 2481 385 2505 a
399 2471 482 2505 tractanda
496 2472 595 2518 metaphrasi
610 2483 658 2517 quam
675 2472 750 2506 allerisse
767 2473 788 2507 ad
804 2483 840 2507 eam
856 2479 871 2507 et
888 2474 970 2519 adjuvisse
987 2474 1060 2509 ridetur:

98 2544 131 2572 tam
144 2535 261 2572 inexorabilem
273 2541 288 2569 et
303 2535 348 2570 haud
363 2545 401 2569 raro
417 2534 492 2579 injustum
510 2536 547 2581 stpli
562 2536 640 2569 Nonniaui
654 2536 728 2580 judicem
740 2536 778 2580 egit,
797 2536 844 2569 tantis
856 2537 939 2570 doctrinae
951 2538 1061 2584 undecunque

100 2602 202 2647 conquisitae
219 2599 289 2633 molibus
308 2601 360 2633 omnia
379 2599 432 2634 obruit
450 2604 466 2632 et
483 2600 530 2643 quasi
546 2598 645 2640 obscurarit,
662 2604 686 2639 ot,
705 2609 747 2644 quae
765 2599 813 2633 insint
833 2599 854 2633 ad
873 2600 946 2635 Noenum
963 2601 1016 2645 ipsum
1034 2608 1061 2635 aut

99 2666 213 2710 explicandum
227 2669 255 2697 aut
270 2663 389 2698 emendandum
406 2669 433 2698 aut
448 2673 486 2697 curu
501 2663 585 2708 evaugelio
600 2662 735 2707 comparandum,
750 2662 804 2696 denuo
816 2662 927 2707 investigando
939 2665 975 2708 ipse
987 2664 1059 2708 reperire
