2194 2995
518 209 627 244 ,ηρ-

88 311 156 364 optenta
168 313 198 355 dm
213 313 239 347 ὅτι
252 311 342 356 πορεύομαι
356 310 398 364 πρὸς
410 310 441 345 τὸν
454 309 516 355 πατέρα
531 311 570 346 satis
584 312 625 346 mire
638 311 705 356 probari
718 312 788 346 sortasse
802 323 835 346 non
851 323 904 346 meum
917 316 978 363 tantum
986 307 1055 345 bominis

49 368 51 370 ¹
88 378 170 412 Laiciest
179 377 263 423 judicium.
282 376 359 422 Tbeolcgi
373 381 449 410 «certant
460 380 476 409 et
487 374 543 409 adhuc
555 375 585 409 sub
596 376 652 420 judice
664 376 683 409 lis
695 376 741 409 estut
784 362 785 365 Ἴ
964 362 976 366 „

134 439 161 480 15,
173 450 181 476 5
194 438 226 472 ὅτι
241 439 288 482 χωρίς
303 438 378 482 Eponei}
395 437 470 473 δύνασθε
481 442 535 472 ποιεῖν
547 436 604 477 οὐδέν,
621 440 654 484 quo
668 438 752 483 egregium
769 438 820 472 simile
837 438 858 473 de
872 439 904 473 vite
918 444 968 484 atque
983 438 1053 471 racemis

88 504 127 538 satis
142 514 227 549 superque
241 503 337 537 illustratum
351 504 393 537 male
405 502 479 536 turbatur
491 507 530 547 post
544 502 640 543 clausulam,
658 513 706 547 quarn
718 507 735 535 et
746 502 798 546 ipsam
809 502 876 535 Nonnus
888 502 945 536 habuit
955 502 1054 535 his'tantum

87 567 142 602 verbis
150 568 199 612 plene
210 571 315 611 conceptam:
328 565 358 608 ἐμοί
369 566 402 608 εἰμι
412 563 423 608 ἡ
436 564 515 608 άμπελος,
528 563 574 608 ὑμεῖς
584 564 605 599 τά
616 564 698 608 αληματα*
712 562 721 598 ὁ
733 564 786 607 μεύων
798 564 816 598 ὲν
828 564 862 608 ἐμοὶ
875 565 928 611 [vulgo
937 565 1002 599 additur
1009 562 1054 607 κάμω

87 628 176 675 ἐπαύτῷ),
195 624 243 668 οὗτος
258 628 305 673 φέρει
318 626 382 672 καρπὸν
397 627 455 662 πολύυ.
478 630 531 663 Etiam
546 640 595 674 supra
609 639 618 664 a
631 634 692 663 tantum
707 629 772 671 μείνατε
787 627 805 661 ἐν
820 627 856 671 ἐμοί
869 628 925 663 habuit
936 629 998 663 omisso
1009 625 1053 671 αάγά

87 693 106 727 ἓν
117 691 161 736 ὑμῖν.
188 692 262 738 Utroque
273 694 311 727 loco
324 693 422 727 constructio
434 692 460 726 bis
472 692 586 727 additamentis
598 692 688 737 paullulum
699 691 777 725 turbatur.

132 757 157 791 Ad
168 755 199 790 hos
211 757 285 800 proxime
297 756 379 790 accedunt
390 756 417 790 alii
429 756 469 798 loci,
481 756 497 789 in
510 755 569 801 quihus
581 755 654 789 similiter
665 755 757 788 membrum
766 755 832 789 causale
840 766 870 799 per
878 755 1008 799 conjunctionem
1016 752 1053 797 γάρ

41 861 42 864 ¹
87 821 185 855 adnectitur:

131 883 152 921 tl,
165 894 184 920 ατ
195 881 263 926 ἤμελλεν
274 881 311 926 γάρ
324 880 441 926 άποθνησαετν,
458 882 503 928 qued
515 882 559 916 baud
573 881 607 915 scio
620 892 640 915 an
652 892 673 915 en
684 881 783 915 centurionis
794 881 846 925 ipsius
858 880 931 914 oratione
942 891 961 917 aa
972 879 1054 923 κατάβηθι

86 947 125 990 πρὶν
136 948 228 980 α’ποθανείν
239 945 258 980 τὸ
270 947 337 980 παιδίον
348 958 380 989 μου
392 946 479 980 confictum
492 946 518 981 sit.

132 1009 149 1050 5,
162 1021 179 1047 13
190 1010 243 1044 verba
255 1007 263 1042 ὁ
277 1008 316 1053 μάρ
328 1007 389 1052 Ἰησοῦς
405 1008 487 1048 ἐξένευσεν
503 1006 552 1051 ὄχλου
567 1006 615 1046 ὄντος
631 1006 648 1041 ἐν
665 1010 688 1053 τῷ
704 1006 749 1053 τόπῳ
766 1018 833 1041 causam
846 1019 878 1042 non
893 1008 932 1041 satis
949 1008 1053 1042 commodam

87 1075 170 1108 continere
182 1074 265 1114 ridentur,
278 1084 311 1119 qua
323 1073 381 1106 sactum
394 1072 422 1112 sit,
435 1078 453 1105 ut
464 1072 513 1105 homo
526 1077 602 1116 aegrotus
614 1071 650 1116 quis
663 1083 681 1105 se
693 1072 774 1105 sanaverit
785 1072 879 1112 nesciverit,
894 1082 931 1126 cum
943 1071 964 1110 is,
981 1071 1009 1104 ubi
1020 1071 1053 1116 pri-

86 1149 131 1172 mum
143 1137 253 1172 valetudinem
265 1136 377 1181 recuperavit,
390 1146 399 1169 c
411 1136 449 1169 loco
461 1135 488 1169 illo
501 1135 596 1168 excesserit.

132 1200 151 1240 8,
163 1212 181 1237 ον
192 1197 280 1242 οὐδὲγάρ
292 1197 319 1233 ἀπ’
328 1198 399 1242 ἐμαυτοῦ
407 1196 486 1241 ἐλήλυθα,
499 1195 532 1231 ἀλλ’
542 1196 602 1236 ἐκεῖνός
610 1210 629 1240 με
637 1195 728 1231 ἀπέστειλεν
740 1199 819 1232 sententia
827 1198 862 1232 trita
870 1198 896 1232 bic
908 1209 928 1232 eo
937 1198 988 1243 magis
1001 1199 1053 1232 otiosa
1080 1239 1082 1246 ,

87 1269 121 1305 est,
134 1264 210 1309 quoniam
218 1264 263 1298 aliud
271 1264 339 1298 causale
346 1263 437 1296 membrum
446 1262 530 1306 praeeedit
539 1260 583 1295 baud
594 1261 679 1310 dissimile:
692 1260 722 1304 ἐμοὶ
734 1260 771 1304 γάρ
783 1261 801 1294 ἐν
812 1263 841 1295 τοῦ
849 1264 890 1295 θεοῦ
899 1261 968 1305 ἐξῆλθον
976 1262 1002 1294 καὶ
1012 1260 1052 1304 ίηάω.

131 1329 172 1361 -Tum
189 1327 257 1373 quidam
274 1331 372 1360 succurrunt
388 1326 427 1365 loci,
447 1325 475 1359 ubi
492 1325 610 1369 similiter'per
627 1326 662 1373 ἴνα
680 1326 702 1359 ad
719 1325 834 1369 explicandum
854 1326 964 1359 consilium
987 1326 1052 1359 additur

86 1391 184 1431 membrum,
201 1401 235 1435 quo
247 1390 294 1424 facile
306 1389 404 1423 carebimus.
427 1390 451 1423 Ita
465 1388 493 1428 12,
505 1399 524 1424 αν
538 1389 565 1421 aa
579 1386 601 1431 μὴ
617 1387 743 1430 ἀποσυνάγωγοι
756 1387 839 1430 μάνωυται.
862 1388 891 1428 16,
903 1399 921 1424 aa
935 1390 970 1421 ἵνα
986 1386 995 1431 ἡ
1010 1387 1052 1432 χαρά

85 1452 131 1497 ὑμῶν
142 1449 153 1497 ᾗ
164 1451 287 1496 πεπληρωμένη.
303 1453 330 1493 17,
343 1453 396 1500 τίνα
408 1452 446 1495 [ναί]
459 1450 468 1485 ὁ
480 1449 516 1490 vide
529 1452 570 1494 [σου]
583 1450 644 1495 δοξάση
656 1460 683 1493 σε,
695 1452 722 1485 ubi
736 1454 747 1486 Τ
758 1453 833 1486 Nonnum
841 1463 871 1497 pro
880 1453 941 1486 omisso
953 1451 980 1484 καί
992 1457 1051 1486 testem

85 1518 170 1552 adducens
183 1516 239 1561 spurio
251 1527 300 1550 versu
312 1516 328 1549 in
339 1517 439 1550 Passoviaua
451 1515 522 1550 editione
534 1520 596 1549 retento
609 1526 627 1549 se
639 1515 671 1548 salli
681 1526 742 1559 passus
754 1521 784 1549 est.

130 1582 158 1614 His
166 1580 239 1625 adjicere
248 1580 302 1624 placet
310 1580 370 1625 aliquot
378 1580 432 1620 locos,
446 1579 473 1613 ubi
481 1579 533 1613 verba
541 1578 630 1624 quaedam.
644 1578 703 1624 quibus
715 1589 742 1612 res
755 1589 784 1622 per
796 1589 815 1611 se
826 1579 914 1623 perspicua
926 1579 1004 1613 diserte
1016 1590 1051 1615 ex-

85 1644 184 1689 plicatur,
197 1644 264 1677 Nonnus
272 1654 305 1677 nou
313 1643 356 1687 legit.
368 1643 408 1676 Sunt
416 1654 455 1677 vero
463 1643 514 1677 haec:
528 1642 544 1683 1,
553 1653 570 1679 εν
582 1642 598 1683 ἐξ
608 1641 732 1686 Ἱεροσολύμων,
745 1654 793 1689 quam
805 1644 863 1677 urbem
875 1643 980 1678 sacerdotum
992 1649 1008 1677 et
1019 1644 1052 1678 Lc—
1074 1635 1075 1638 Ἴ

85 1709 152 1749 vitarum
164 1707 247 1741 mentione
259 1707 298 1740 satis
310 1706 377 1740 indicari
388 1717 436 1740 nemo
448 1718 480 1740 non
489 1706 563 1751 negahit3
575 1707 647 1742 ibides
660 1705 702 1739 ὅπου
713 1702 734 1749 ἧν
746 1704 755 1739 ὁ
766 1704 840 1749 Ἰωάννης
848 1707 935 1749 βαπτίζων,
948 1718 991 1752 quae
999 1708 1051 1742 uerba

84 1777 122 1816 post
133 1770 242 1811 notationem,
255 1780 298 1815 quae
310 1770 399 1808 antecedit,
411 1771 462 1802 ταῦτα
474 1769 491 1802 ἐν
503 1771 579 1815 Βηθανίᾳ
591 1762 657 1812 ἐγένετο
665 1769 717 1813 πέραν
729 1772 758 1803 τοῦ
770 1768 852 1812 Ἰορδάνου
863 1770 889 1804 vix
901 1770 1020 1804 desiderantur.

129 1834 146 1875 2,
159 1845 177 1870 να
191 1835 293 1875 θεωροῦντες
310 1831 361 1866 αὐτοῦ
374 1831 395 1866 τά
409 1836 466 1875 σημεῖα
481 1831 491 1866 ά
507 1832 563 1873 ἐποίει,
582 1844 625 1879 quae
637 1833 689 1867 verba
700 1833 726 1867 hic
738 1834 804 1879 quidem
815 1834 842 1868 vir
854 1835 892 1868 satis
905 1835 994 1879 quadrant,
1013 1845 1050 1868 cum

85 1903 123 1942 post
134 1895 186 1939 ἀρχὴν
198 1898 231 1929 των
243 1897 313 1938 σημείων
325 1897 367 1930 initio
379 1897 436 1941 capitis
451 1902 543 1930 enarratam
557 1897 622 1931 alterius
637 1897 692 1930 adbuc
705 1897 778 1930 miraculi
790 1897 834 1931 nulla
846 1903 871 1931 est
882 1898 941 1931 mentio
954 1898 1002 1932 sacta.
1025 1899 1051 1932 In-
1084 1887 1088 1891 ’

84 1966 128 1994 trusa
139 1960 216 1995 uidentur
228 1949 249 1993 en
260 1959 277 1999 6,
289 1971 303 1995 a.
536 1951 538 1953 ¹

129 2027 147 2065 3,
160 2035 177 2061 aa
189 2023 208 2057 ἐν
218 2021 281 2063 Αίυάν,
294 2024 322 2056 ubi
334 2023 355 2057 ad
367 2023 486 2068 designandum
498 2024 553 2057 locum
565 2024 623 2058 sufficit
635 2024 680 2069 quod
693 2024 773 2068 expressit
784 2025 850 2058 Nonnus
863 2010 913 2067 ἐγγὺς
921 2026 953 2057 τοῦ
965 2025 1032 2067 Σαλείμ.
1060 2068 1063 2073 ¹

130 2088 157 2129 to,
169 2100 187 2124 αο
199 2087 251 2122 verba
263 2088 286 2125 εἷς
296 2085 326 2120 τὸν
337 2086 387 2120 τόπον
399 2086 442 2120 ὅπου
453 2082 474 2130 ἦν
484 2085 560 2130 Ἰωάννης
570 2086 589 2121 τδ
597 2089 663 2131 πρῶτον
670 2087 752 2130 βαπτίζων
763 2086 790 2120 ναὶ
801 2086 856 2129 ἔμενεν
868 2087 901 2121 ieet
910 2089 969 2122 iterum
980 2099 1050 2133 geogra-

83 2152 148 2197 phicam
161 2152 225 2196 sapiunt
238 2151 343 2195 sapientiam,
356 2161 405 2196 quam
418 2151 503 2196 aliquoties
516 2151 565 2185 modo
577 2151 670 2185 habuimus.

127 2215 205 2259 Ejusdem
217 2215 283 2260 generis
291 2213 371 2247 babemus
385 2213 412 2254 12,
424 2225 441 2250 νε
455 2214 573 2248 accuratiorem
585 2215 607 2248 de
619 2214 688 2258 Philippi
703 2214 755 2258 patria
770 2213 868 2248 notationem
884 2216 906 2259 τῷ
918 2212 951 2248 άπὸ
963 2214 1050 2257 Βηθσαιδά

61 2324 63 2327 ⁴
83 2279 112 2321 τῆς
123 2278 210 2317 Γαλιλαίας
221 2277 249 2311 aad
260 2275 329 2321 ἠρώτων
340 2274 399 2314 αὐτόν,
417 2287 449 2321 qua
461 2277 523 2311 omissa
534 2278 601 2311 Nonnus
616 2277 655 2311 nihil
666 2277 727 2322 reperit
738 2277 768 2311 nisi
779 2279 875 2320 προσῆλθον
888 2278 963 2323 Φιλίππω
975 2277 1048 2320 λέγοντες

57 2334 59 2338 ’
84 2339 156 2383 (θέλομεν
166 2340 195 2374 τδυ
205 2339 269 2384 Ἰησοῦν
281 2341 327 2374 ίδείν,
351 2340 399 2379 Quod
414 2339 463 2388 hodie
476 2347 513 2374 ante
526 2340 596 2384 (θέλομεν
608 2341 677 2386 legimus
689 2338 749 2384 Κύριε,
765 2341 812 2374 etiam
824 2341 844 2374 ab
856 2341 891 2375 aliis
903 2342 984 2375 omittitur.
1008 2337 1048 2375 Tum

84 2404 112 2443 13,
125 2416 133 2440 a
148 2401 202 2437 Ἰούδα
214 2405 289 2447 Σίμωνος
299 2401 410 2447 Ἰσκαριώτου,
427 2403 455 2437 ubi
469 2404 525 2438 ultima
540 2405 591 2439 rerba
605 2404 695 2449 paullulum
709 2404 773 2438 turbata
789 2404 804 2437 in
819 2404 889 2438 sontibus
904 2415 973 2449 prorsus
986 2389 1039 2439 omisit
1046 2418 1061 2447 ς,

82 2469 154 2514 itemque
166 2467 218 2501 ibid
230 2478 252 2504 ue.
265 2468 301 2502 Huc
313 2467 361 2502 etiam
374 2467 454 2512 pertinent
467 2467 494 2508 19,
506 2477 524 2503 25
535 2468 594 2519 Μαρία
605 2465 615 2510 ἡ
627 2469 661 2500 τοι]
673 2469 757 2505 Κλωπᾶ,
771 2467 816 2501 ibid.
828 2477 846 2502 38
855 2465 915 2511 Ἰωσὴφ
927 2465 936 2500 ὁ
948 2465 988 2500 άπὸ
998 2465 1050 2511 Ἀρι-

82 2532 155 2573 μαθίας
167 2536 183 2565 et
195 2529 224 2569 21,
240 2527 377 2573 αΝαθαναὴλὸ
393 2527 429 2563 tat
441 2530 498 2563 Κανά
514 2532 547 2573 τῆς
558 2531 674 2572 Γαλιλαίας,
691 2542 760 2576 quorum
772 2530 810 2564 nihil
821 2531 865 2574 apud
877 2532 952 2565 Nonnum
964 2531 1048 2565 invenitur.

127 2594 144 2637 5,
156 2606 173 2632 νε
184 2592 215 2628 τὸν
227 2592 313 2636 πέμψαντα
327 2593 377 2628 αὐτὸν
391 2593 417 2628 bic
432 2594 508 2639 quidem,
525 2588 553 2628 ulii
566 2594 664 2629 brevissime
678 2600 724 2639 pater
739 2599 788 2639 atque
800 2592 842 2627 filius
854 2600 975 2640 componuntur
987 2614 1008 2619 -
1021 2595 1048 2628 ἴνα
