2194 2995
520 208 653 242 „154'

55 319 57 327 ’
99 322 112 339 .·
139 311 166 353 11,
179 322 245 347 recum
259 310 325 345 Nonnus
338 310 464 355 omissisarlnqi,
477 309 613 355 inquovariant
624 314 683 351 t‚estes
697 314 713 344 et
724 310 799 344 sollemni
810 308 862 353 Κνριε
873 316 934 345 antnni
946 310 987 346 haec
999 310 1057 345 habe
1072 310 1075 314 '

46 400 49 403 -
93 373 140 409 εἶκον
151 370 181 408 οὖν
192 375 209 407 οι
220 374 292 417 μαθηται
303 375 325 408 El
335 375 437 417 κεκοίμηται,
449 371 547 416 σωθήσεται,
562 373 679 419 discipulerum
694 384 728 408 non
742 384 841 418 responsum
856 376 895 409 lesu
910 375 965 409 datum
978 373 1009 408 sed
1022 385 1058 408 ser

92 428 185 472 ιιιιιοοιιλοιι]
197 436 239 472 ιιιοι
249 438 295 482 ipses
306 437 379 472 habiturn
391 438 446 471 innuit.
932 442 936 446 ·

136 500 184 536 Ibid.
195 511 213 539 ιτ
224 501 251 535 καλ
262 502 278 534 οι
291 502 378 545 Φαρισαῖοι
389 501 464 535 Νοιιιιιιιιι
479 513 512 535 ιιοι]
526 500 604 535 habuisse
619 511 639 534 eu
651 505 728 534 accurata
739 504 783 545 patet
777 500 940 541 tdiscriniinaticne‚
959 500 1009 546 quain
1027 483 1061 534 ecs

91 565 151 599 interl
150 565 181 599 acit
192 571 241 611 atque
252 564 339 610 pontifices
352 570 376 599 sa
377 575 390 598 rs
371 564 492 599 triplabilenr
503 576 519 598 v.
533 576 557 602 ιιι
569 576 605 610 sqq.
1070 556 1072 560 ’

380 646 403 651 -
449 646 470 652 —-
518 648 538 654 —
583 647 604 653 —
635 627 669 660 Kal
679 638 722 666 τινες
733 625 787 659 αὐτῶν

335 690 358 729 εἰς
368 688 416 724 πόλιν
427 691 472 734 ι’χνος
484 691 558 734 ἔκαμψαν
570 691 585 730 ἐς
596 689 684 729 αῗντιθεοιλς
696 691 762 733 ἱερῆας

335 752 412 797 πληθύι
424 752 532 797 κηρύσσοντες
544 752 654 788 ολττιστοταλνσιν
667 754 785 796 Φαρισαίων
831 765 833 769 ’

336 815 376 860 ἔργα
387 819 429 850 θεοῦ
440 809 524 861 Χριστοῖο.
546 817 579 850 Καὶ
590 815 662 860 ἄφρονες
673 815 787 859 αιρχιιρῆες

335 880 358 919 eis
369 878 432 923 ολγορὴν
444 878 521 924 ἀγέροντο
533 878 636 921 πολύθρουν,
648 874 676 923 ᾗχι
686 877 795 922 γερόντων
819 890 821 894 ’

335 945 360 983 εἰς
369 944 388 976 ’ὲν
400 941 509 986 ἀγειρομένων
521 941 662 987 πρωτόθρονος
673 941 716 982 ἕζετο
728 940 785 986 βουλή.

90 1007 194 1052 Evangelista
207 1007 273 1053 quidem
284 1018 302 1043 νο
313 1012 373 1041 tantum
387 1006 438 1041 habet
450 1006 493 1045 τινὲς
509 1006 526 1040 δὲ
541 1006 556 1046 ἐξ
571 1003 626 1039 αὐτῶν
638 1004 714 1049 ἀνῆλθον
725 1004 766 1047 πρὸς
777 1004 822 1044 τοὺς
835 1006 958 1050 Φαρισαίους
970 1006 997 1039 καὶ
1009 1003 1054 1039 siner

92 1069 169 1109 αὐτοῖς.
401 1109 402 1113 ¹
645 1057 646 1061 λ

137 1133 163 1173 16,
176 1128 303 1175 ιοιλιγονοιιν
317 1133 336 1165 Τι’
348 1132 450 1166 ἔστιντοῦτο
463 1131 525 1176 δλὲγιι
538 1131 557 1165 τὸ
571 1131 638 1176 μικρὰνς
654 1129 685 1165 οὐκ
696 1133 763 1174 οἴδαμεν
774 1133 790 1175 τι
800 1134 849 1165 λαλεῖ.
873 1134 942 1168 Versum
956 1144 976 1167 ex
988 1139 1054 1167 autece-

92 1198 140 1232 dente
151 1198 242 1242 importune
253 1197 340 1242 repetitum
352 1207 390 1231 esse
399 1196 446 1231 etiarn
455 1197 521 1242 quidam
530 1196 566 1230 libri
573 1197 649 1237 innuunt,
664 1207 734 1241 quorum
746 1196 772 1229 alii
784 1193 793 1228 ὃ
804 1194 845 1238 λέγει
857 1193 882 1237 τὸ,
895 1197 982 1231 Vaticanus
990 1197 1003 1229 Β
1012 1197 1054 1230 adeo

90 1261 106 1294 νί
116 1263 161 1294 λαλεῖ
171 1246 230 1294 omittit.
1016 1259 1018 1262 ¹

133 1323 183 1357 ibid.
195 1334 213 1360 32
225 1322 287 1368 ἔρχεται
299 1321 333 1367 οιρα
344 1323 370 1356 και
382 1320 466 1365 ἐλήλυθεν,
489 1324 556 1357 Nonnus
569 1333 607 1356 cum
619 1320 679 1364 ἐγγύθι
694 1321 713 1355 δὲ
724 1320 782 1365 χρόνος
796 1317 844 1361 οὗτος
859 1322 922 1364 scribit,
938 1323 1017 1358 incertum
1029 1329 1055 1358 est

90 1392 142 1420 utrum
153 1386 221 1421 liberius
231 1392 318 1432 utrumque
326 1386 394 1420 verbum
404 1386 504 1431 expresserit
516 1397 536 1420 an
547 1386 638 1430 perlectum
650 1385 688 1437 alibi
699 1385 765 1419 obuium
776 1385 802 1420 hic
813 1397 846 1420 nen
857 1385 937 1421 habuerit.
949 1387 983 1421 Sed
995 1387 1054 1421 eadenr

89 1450 152 1496 phrasis
164 1451 235 1484 fortasse
247 1450 295 1484 etiarn
306 1450 323 1483 in
335 1449 363 1491 17,
375 1460 383 1485 1
397 1449 463 1490 transiit,
476 1449 504 1483 ubi
517 1448 596 1492 ἐλήλυθεν
607 1446 617 1491 ἡ
630 1447 665 1491 ολρα
677 1460 687 1483 a
698 1449 756 1483 Nonne
768 1450 855 1494 ignoratur.

136 1514 196 1548 Carere
208 1514 256 1548 etiarn
267 1524 356 1558 possumus
368 1523 396 1553 eu,
409 1513 453 1558 qnod
466 1512 508 1552 ter
520 1512 545 1546 bis
556 1532 575 1538 α
587 1510 618 1545 σῦν
629 1516 663 1550 τοῖς
675 1515 756 1555 μαθηταῖς
768 1511 818 1545 αὐτοῦ
831 1519 847 1547 et
856 1510 905 1552 οινίὁς
916 1513 943 1546 και
954 1514 971 1546 οἱ
981 1514 1054 1556 μαθηται

90 1576 142 1611 αὐτοῦ
155 1596 175 1602 —
188 1576 249 1611 diserte
260 1577 331 1616 additur,
346 1576 422 1622 quoniam
437 1581 453 1610 et
464 1577 517 1610 statim
529 1577 602 1621 sequitur
614 1588 623 1613 ι
638 1574 722 1618 μεταιτῶν
734 1579 811 1619 μαθητῶν
823 1574 875 1610 αὐτοῦ
889 1583 905 1611 et
918 1577 983 1612 aliunde
997 1578 1053 1612 lesum

88 1642 122 1675 lere
135 1652 144 1675 a
156 1640 241 1685 discipulis
254 1639 346 1674 comitatum
358 1650 395 1673 esse
408 1640 473 1674 scimus.
496 1641 531 1674 Nec
543 1639 593 1673 ibid.
605 1650 613 1676 ι
626 1646 644 1674 ut
656 1640 691 1673 aliis
706 1650 726 1674 en
737 1640 778 1674 lucis
791 1640 811 1674 ad
825 1640 877 1675 dudae
891 1652 951 1675 nomen
963 1641 1053 1676 adderetur

88 1701 97 1738 ὁ
109 1701 211 1746 καραθιθοῦς
222 1700 273 1737 cestr
284 1713 326 1747 epus
339 1708 377 1736 erat.

132 1767 182 1801 Ibid.
195 1778 212 1803 16
224 1765 243 1806 ὃς
254 1761 275 1809 ἦν
285 1763 357 1809 γνωστὸς
367 1768 390 1811 τῷ
402 1763 472 1809 α’ρχιεριῑ
484 1767 534 1801 modo
548 1766 622 1811 pluribus
639 1765 731 1810 expositum
746 1767 853 1800 antecedente
868 1778 918 1801 versu
932 1774 1052 1812 praecesserat.

89 1832 173 1866 Glossema
187 1830 235 1864 etiam
248 1841 267 1864 eo
279 1827 359 1875 proditur,
376 1830 421 1875 quod
433 1830 449 1863 in
461 1829 498 1864 ccd.
511 1831 523 1864 Β
535 1830 604 1875 aliisque
615 1840 646 1874 pre
659 1839 679 1862 eo
694 1829 753 1872 legitur
765 1826 773 1862 ὁ
785 1828 856 1871 γνωστὸς
867 1831 897 1863 τοῦ
909 1828 993 1874 ιὶρηιερῆος
1005 1842 1052 1865 ιοοο-

87 1900 133 1940 ptum
141 1905 150 1929 a
158 1895 189 1928 ΤΒ.
201 1894 279 1938 Ejusdem
286 1893 347 1927 farinae
355 1897 380 1927 est
389 1894 433 1938 qued
446 1905 463 1930 rs
475 1893 539 1928 additur
550 1894 577 1926 καὶ
588 1891 719 1935 θερμαινόμενος
731 1903 740 1926 u
748 1894 807 1927 ceteris
815 1894 863 1928 ctiam
873 1894 895 1928 ad
903 1895 968 1928 Petrum
976 1895 1051 1936 relatum,

88 1969 136 2004 quenr
147 1958 174 1992 rix
185 1962 225 2001 putc
237 1957 269 1990 hcc
281 1957 358 2001 temporis
370 1962 451 1991 ιιιοιιιοιιιο
464 1957 485 1991 de
498 1956 609 1991 calefaciendo
622 1967 693 2001 corpere
706 1956 793 2001 cogitasse.

133 2021 160 2060 20,
172 2031 181 2055 ‘r
197 2020 218 2054 de
233 2019 283 2054 Maria
301 2019 342 2053 baec
360 2025 420 2053 tanturn
437 2021 486 2054 relert
500 2021 566 2054 Nunnus
582 2032 610 2063 μνη
625 2017 708 2058 ξονοισατο
726 2021 773 2063 puri)
785 2018 834 2062 'Appi
847 2032 902 2063 ταφον
916 2032 983 2054 κενεοιο.
1006 2022 1052 2055 Patet

86 2084 134 2129 igitur
145 2090 220 2118 eunitan
221 2089 256 2117 tunr
268 2082 344 2117 babuisse
358 2081 439 2125 bulliret
454 2082 510 2122 αὐτοῖς
522 2078 574 2126 Ἦραν
585 2081 614 2116 τὸν
626 2081 684 2125 κύριον
696 2081 714 2115 ἐκ
727 2084 757 2116 τοῦ
772 2084 854 2126 μνημεῖον.
878 2084 924 2123 Quae
938 2095 981 2119 nunc
996 2084 1051 2119 addita

86 2148 161 2193 leguntur
172 2147 198 2180 καὶ
210 2160 241 2181 ουκ
253 2147 320 2189 οιθαμεν
332 2148 364 2180 νοῦ
376 2146 437 2189 ἔθηκαν
449 2145 500 2180 αὐτόν
512 2159 531 2181 er
543 2158 559 2182 ιι
572 2146 655 2190 descripta
666 2152 708 2179 sunt

131 2211 180 2245 lhid.
193 2222 209 2247 ιι
222 2210 383 2256 depromptumaliis
396 2210 467 2264 exlecis
479 2209 539 2253 Κύριε
553 2210 597 2255 qued
609 2210 662 2244 nescit
673 2211 747 2250 Ncnnus
761 2210 808 2244 etiam
819 2216 868 2256 prop
869 2222 908 2246 elea
917 2212 983 2246 exulare
992 2211 1049 2252 debet

88 2275 179 2319 qucdt
143 2274 245 2308 hortulanum
257 2285 267 2308 a
279 2285 298 2308 se
310 2273 388 2318 appellari
400 2278 445 2317 putat
423 2274 510 2308 tutblaiia.
825 2308 827 2314 ⁴

132 2337 252 2371 Perieninius
245 2348 280 2382 jani
292 2337 314 2371 ad
326 2336 387 2382 aliquot
381 2337 468 2377 tloccs'
464 2349 480 2371 ιιι
488 2337 547 2383 quibus
559 2336 628 2372 aNonni
638 2336 695 2370 codice
704 2336 783 2370 sententia
792 2337 845 2382 aliqua
853 2337 911 2379 abluit,
925 2328 977 2383 qnae,
991 2349 1049 2384 quam-

86 2410 136 2446 quam
147 2400 185 2433 novi
197 2400 235 2444 quid
247 2405 299 2441 tenet,
315 2405 369 2434 tamen
383 2404 411 2433 aut
422 2400 435 2433 si
447 2400 495 2434 deest
510 2411 519 2434 a
532 2400 611 2434 nenrine
626 2399 763 2433 desideratur
777 2405 804 2434 aut
819 2401 883 2435 cnrnino
898 2402 971 2435 melius
987 2402 1050 2438 deest.

85 2464 109 2497 Ila
117 2462 133 2503 7,
142 2472 160 2498 39
172 2473 225 2506 nuper
237 2463 287 2497 edidit
297 2463 310 2496 Β
322 2460 368 2496 οιικοι
382 2461 413 2504 γὰρ
425 2457 445 2505 ἦν
456 2458 520 2506 πνεῦμα
532 2462 578 2505 ἷλγιον
590 2461 686 2504 δεδομένον,
700 2461 724 2496 ὅτι
736 2460 744 2495 ὁ
755 2461 817 2506 'Incolis
829 2462 879 2497 οιινιοιΥ
887 2462 978 2506 ἐδοξάσθη,
993 2466 1022 2499 sed
1034 2465 1051 2499 in

84 2531 144 2570 magna
156 2526 221 2560 testium
233 2526 310 2560 varietate
325 2526 350 2561 alii
362 2530 380 2559 ut
393 2526 405 2558 L
418 2524 470 2568 οἰγιον,
487 2527 513 2560 alii
525 2524 612 2569 δεδομένον
626 2526 722 2567 omiserunt,
738 2528 749 2559 Τ
761 2532 852 2573 utrumque.
875 2529 942 2562 Nennus
957 2539 996 2562 rere
1012 2539 1050 2562 cuni

85 2588 141 2622 scribit
152 2600 166 2623 ν.
178 2599 205 2625 153
219 2599 245 2634 sq·
