2194 2995
65 321 69 351 5
78 300 165 348 Equidem
173 297 334 348 enim,'quamquam
342 311 376 336 non
384 291 401 336 ‘is
414 310 452 335 sum
460 301 488 347 qui
500 310 559 346 „nunc
567 309 595 334 me
604 298 677 345 denique
685 297 758 333 saecul
770 307 874 345 conquerar,
887 297 955 345 quoties
962 297 1007 333 illius
1054 333 1056 335 ,

10 374 12 378 ·
37 364 102 412 saeculi
114 375 171 400 mores
179 375 222 399 curn
234 358 293 400 nostra
305 368 361 400 aetate
373 373 470 411 compono,
483 363 610 399 admirationem
623 360 662 397 mihi
674 370 744 408 semper
756 364 774 395 et
785 371 839 408 prope
852 356 954 397 desiderium
967 372 1007 397 mo-

37 438 80 464 vere
93 428 138 464 solet
149 438 187 463 curu
197 427 263 464 divinus
275 428 304 463 ille
315 428 489 470 mentis-instinctus,
508 436 540 473 quo
552 425 649 475 inflammati
662 425 720 472 optimi
734 424 795 470 quique
809 435 840 471 pro
858 416 928 461 summis
942 426 1006 461 huma-

37 493 55 527 ni
67 493 138 537 generis
150 490 199 527 bouis
212 501 232 527 se
243 502 325 538 suamque
337 493 388 527 vitam
401 489 512 526 devovebant
524 494 558 525 tum
570 488 642 524 amabile
652 488 692 524 illud
704 486 777 532 faedus,
790 488 834 534 quod
846 492 880 523 tum
893 484 1006 534 Theologiam

38 559 55 590 et
63 554 172 601 Philologiam
182 555 266 590 communi
275 555 378 601 antiquarum
388 558 405 589 et
413 564 502 589 sacrarum
510 557 527 587 et
535 552 646 599 profanarum
654 552 741 587 literarum
750 550 805 587 studio
814 552 936 597 conjungebat.
949 553 966 588 A
975 564 1007 600 qna

28 617 78 653 mira
91 622 186 665 temporum
197 618 264 654 illorum
277 617 359 653 felicitate
371 617 471 663 longissime
483 626 515 651 nos
528 614 590 651 abesse
603 615 640 662 quis
653 615 721 650 tandum
732 603 794 651 infitias
801 616 831 650 -ire
844 616 915 661 audeat,
929 617 957 663 qui
968 617 1006 664 ipse

35 680 98 717 viderit
110 672 182 716 confusa
199 681 308 716 ruultarum
320 680 395 725 illarum,
414 679 473 727 quibus
486 678 536 715 hodie
547 680 594 715 vitae
609 677 698 714 commoda
715 683 765 725 atqrre
782 679 861 727 corporis
879 679 1006 739 oblectamenta

36 745 140 790 (quaerimus,
152 745 227 779 artium
235 743 280 779 mole
290 740 400 790 quamsaepe
410 742 490 778 obruatur
501 753 551 778 uturum
562 741 601 777 illud
609 744 632 776 aa
642 741 705 785 pipo,
719 753 751 789 quo
763 742 801 779 solo
810 740 1006 791 omuibushemporibus

35 817 79 856 vera
88 806 173 843 beatitudo
183 808 287 851 continetur,
297 808 362 842 animus
370 808 395 842 sui
404 810 465 854 potens
475 808 529 841 omnIs
538 806 646 841 humanitatis
655 816 711 852 capax
718 806 798 841 vitiorum
807 817 849 849 osor
857 808 949 843 vanitatum
959 816 1005 843 cou-

35 874 115 918 temptor.
139 869 255 906 liutherum
267 880 311 906 vero
323 869 371 905 slmul
384 881 421 905 cunr
434 871 506 917 antiquis
517 869 571 905 literis
584 868 693 915 evangelium
706 872 723 904 et
735 871 837 905 conservari
850 875 866 906 et
874 870 924 917 perdi
932 871 1005 916 gravis-

36 931 79 970 sime
87 920 220 982 praedicantem,
230 933 406 969 blelauchthonom
415 938 546 979 praeceptorem
556 932 657 968 Germaniae
669 943 704 968 non
713 932 768 967 miuus
777 932 919 969 scholasticorum
928 935 1004 981 antiqui-

36 999 75 1034 tatis
84 998 176 1034 studiorum
184 1003 271 1033 auctorem
279 1007 327 1043 quam
335 993 440 1036 Christianae
448 995 535 1032 doctrinae
544 1001 561 1032 et
570 996 655 1031 ccclesiae
662 989 754 1040 vindicem,
764 995 879 1041 Zviuglium
885 996 953 1033 Pindari
959 998 1004 1044 „lp-

35 1052 109 1097 rioorum
118 1061 168 1097 facile
179 1063 260 1109 principis
268 1060 393 1109 praesultorem
398 1060 409 1087 ¹⁶,
420 1060 565 1104 ardentissimum,
575 1070 625 1107 quem
633 1064 701 1107 poetam
714 1059 760 1094 adire
767 1059 815 1105 jubet
823 1058 920 1096 Hebraioae
927 1065 1004 1108 poeseos

34 1127 145 1173 interpretes
155 1130 187 1172 „ut
195 1125 284 1172 aliquando
293 1124 356 1172 pellant
365 1124 445 1160 audaciae
453 1125 565 1170 inscitiaequc
574 1123 699 1168 calarnitates“,
706 1143 728 1148 -
734 1122 766 1158 hos
772 1124 824 1169 igitur
831 1125 940 1173 coryphaeos
947 1125 961 1161 si
968 1126 1005 1172 quis

35 1190 161 1237 comparaverit
169 1200 207 1224 cum
215 1187 319 1224 nostratibus
328 1188 426 1234 thiliusdam
435 1187 526 1233 theologis,
540 1188 567 1234 qui
574 1187 694 1222 monachorum
703 1186 743 1222 illud
751 1213 761 1232 „
767 1187 845 1227 Graeca
856 1193 904 1224 sulit
918 1200 958 1224 uou
970 1190 1005 1224 le-

35 1252 126 1298 ganeum
139 1252 246 1300 cupidissime
258 1252 331 1299 amplexi
344 1251 483 1287 adolescentulos
496 1250 626 1286 declinationum
639 1251 810 1298 coujugationumque
827 1251 900 1299 equuleo
914 1239 1011 1301 impositos*

37 1318 108 1351 enecari
122 1316 241 1352 miserabiliter
255 1316 368 1363 queritantur,
380 1317 396 1349 τί
407 1315 428 1349 dv
439 1328 464 1354 ng
474 1314 526 1358 λέγοις
543 1313 686 1350 haeverardus
700 1313 733 1349 illis
748 1314 907 1360 concionatoribus,
921 1317 948 1362 qui
963 1317 1004 1352 elo-

35 1381 114 1426 quentiae
131 1383 224 1427 praecepta
239 1390 262 1414 ex
278 1378 377 1414 Aristotelis
391 1378 481 1414 rhetoricis
500 1377 579 1425 exenupla
594 1388 617 1412 eu
629 1377 751 1413 Demosthenis
766 1377 871 1413 orationibus
885 1379 922 1414 siue
934 1380 1004 1426 pietatis

35 1430 139 1478 detrimento
150 1443 198 1477 etiam
215 1452 266 1479 sacro
279 1442 369 1487 suggestui
381 1440 471 1489 petebant,
485 1445 525 1489 quot
537 1440 595 1477 stadiis
607 1439 669 1476 distant
685 1440 763 1476 hodierni
778 1442 806 1476 isti
818 1441 941 1487 circulatores,
960 1453 1003 1489 quos

34 1516 96 1541 sacrae
108 1506 203 1552 scripturae
211 1505 266 1542 verba
275 1505 386 1552 qualicunque
400 1506 477 1541 versioni
490 1509 570 1552 exempta
582 1505 665 1540 conviciis
677 1515 687 1539 e
699 1506 751 1540 trivio
764 1505 836 1552 arreptis
848 1505 913 1552 vilique
923 1505 1004 1553 abjectae

34 1568 135 1616 plebeculae
148 1579 228 1605 sermone
241 1579 323 1604 enarrare
335 1568 421 1605 audimus!

79 1632 114 1669 Sed
130 1633 170 1669 nolo
185 1633 271 1668 laterem
288 1632 374 1676 latrare,
391 1634 493 1680 praesertim
510 1643 547 1667 cum
560 1643 582 1667 ne
593 1643 626 1668 nas
640 1631 706 1679 quidem
718 1632 799 1680 philologi
815 1634 860 1668 omni
872 1644 936 1669 vacare
954 1634 1003 1680 culpa

33 1695 134 1741 videamur,
147 1697 174 1743 qui
186 1701 204 1731 et
215 1697 248 1744 ipsi
259 1707 269 1730 a
282 1695 354 1731 Graecis
366 1695 462 1743 Latinisque
474 1695 535 1731 litteris
548 1695 648 1731 Christianis
659 1697 707 1741 justo
720 1696 758 1743 plus
773 1695 902 1734 abhorreamus.
932 1696 967 1732 Sed
980 1707 1001 1732 eo

34 1760 89 1805 magis
102 1761 167 1796 animus
179 1759 252 1805 ferebat,
265 1764 289 1804 ut,
304 1758 347 1806 qnod
356 1759 447 1795 literarium
457 1763 575 1804 argumentum
584 1769 631 1794 more
639 1759 722 1804 muJ'orum
730 1758 769 1794 huic
776 1760 888 1805 gratulatorio
897 1759 953 1796 libello
966 1760 1001 1796 eli-

33 1834 105 1868 gerem,
118 1823 134 1858 id
147 1819 234 1869 utriusque
247 1824 330 1859 scientiae
343 1833 431 1858 commuue
444 1822 465 1859 ab
477 1824 510 1858 isto
523 1822 594 1858 saeculo
606 1826 737 1869 nostrarumque
749 1823 766 1857 iu
779 1833 800 1857 eo
813 1822 947 1859 Universitatum
956 1823 1002 1859 ''foe-

33 1886 75 1922 dere
87 1897 110 1921 ne
126 1886 174 1922 nimis
190 1886 263 1922 alienum
276 1891 330 1922 esset.
354 1886 393 1922 Nou
410 1897 453 1922 sane
468 1897 495 1921 me
506 1885 579 1931 latebat,
594 1890 671 1933 ‚,qr1anta
684 1885 792 1921 laboraturus
805 1897 863 1922 essem
875 1888 891 1922 iu
903 1886 1002 1934 charybdis

32 1949 84 1985 homo
97 1960 169 1997 prorsus
181 1945 271 1993 ddadtopog
282 1950 299 1985 in
311 1949 345 1985 hoo
357 1949 470 1986 difficillimum
482 1955 499 1985 et
511 1960 583 1997 prorsus
598 1950 674 1995 ignotum
688 1949 751 1985 fretum
767 1949 807 1985 vela
822 1951 922 1986 immittens:
942 1951 1002 1986 audire

33 2024 106 2059 magnas
115 2014 150 2059 jam
162 2014 223 2049 videor
236 2011 274 2048 rnilri
282 2024 337 2049 voces
349 2015 366 2048 in
378 2014 434 2050 vicem
447 2013 557 2049 dictitantium
568 2012 608 2048 illud
620 2024 672 2058 „ntuli
685 2018 702 2048 ct
715 2012 777 2048 Saulus
789 2014 833 2048 inter
844 2014 965 2061 prophetas?“

79 2078 168 2112 Commode
181 2084 234 2113 tamen
250 2078 359 2112 succurrebat
373 2079 454 2113 Nounus
469 2082 531 2123 potita
545 2077 713 2122 PanopolitanuS,
732 2077 759 2123 qui
779 2078 817 2111 olim
833 2078 895 2123 gentilis
912 2085 1001 2124 postquam

34 2141 95 2175 variam
108 2141 225 2175 Bacchicorum
238 2141 350 2185 prodigiorum
362 2141 480 2175 multitudinem
491 2142 583 2175 vastissimo
599 2141 768 2187 Dionysiacorum
783 2152 833 2186 opere
845 2142 958 2176 illustrandam
970 2142 1001 2176 sibi

35 2203 134 2249 sumpsisset
144 2216 187 2239 novo
199 2210 216 2238 et
226 2205 273 2238 meni
286 2211 302 2238 et
314 2205 394 2239 sermonis
406 2205 473 2239 artificio
486 2217 534 2243 usus,
547 2211 605 2250 postea
614 2224 634 2229 —
646 2210 663 2237 ut
674 2204 718 2238 haud
730 2216 768 2239 raro
781 2206 879 2239 contraria
892 2206 1001 2240 contrariis

15 2294 19 2299 s
33 2269 112 2312 applicari
124 2267 197 2302 videmus
206 2287 228 2292 —-
236 2268 279 2301 idem
292 2264 413 2303 instrumentum
427 2280 436 2303 a
448 2280 467 2303 se
479 2270 560 2303 inuentum
573 2268 646 2302 acllrihuit
657 2268 677 2302 ad
690 2269 799 2303 enarrandum
811 2270 921 2303 loanueum
933 2280 1001 2303 evran-

33 2332 123 2377 gelium‚
141 2342 181 2376 prae
193 2331 251 2365 celeris
263 2342 296 2365 non
308 2331 361 2365 miurus
373 2333 460 2366 caunum
473 2332 574 2377 siruplicitate
587 2343 636 2377 quam
648 2334 765 2367 sententiarum
773 2332 850 2377 gravitate
862 2333 931 2377 insigne.
954 2333 1000 2373 Quae

32 2406 60 2429 rea
73 2395 157 2440 quomodo
170 2395 184 2428 ei
196 2395 304 2436 successerit,
317 2394 481 2430 llelanohthonis
497 2396 570 2430 indicare
580 2397 626 2440 juvat
637 2397 701 2435 verbis,
718 2397 777 2442 quibus
789 2396 805 2429 in
817 2396 921 2430 dedicatione
934 2396 1000 2430 editioni

34 2471 41 2489 a
47 2460 155 2504 Hagauoae
165 2470 194 2503 per
202 2459 281 2492 Joarruem
290 2457 373 2492 Secerium
384 2459 506 2494 attenuati.»
519 2460 572 2493 iactae
583 2459 604 2493 ad
612 2459 714 2494 Fridericuru
725 2460 769 2504 apud
777 2460 792 2493 S.
801 2460 877 2503 Egidium
885 2460 998 2503 Noriubergae

32 2523 114 2557 Abbatem
123 2519 220 2566 piaemissa
234 2528 322 2566 postquam
330 2521 382 2555 bonos
390 2522 440 2556 libros
450 2523 508 2557 sedulo
516 2522 591 2556 edendos
600 2523 728 2564 commendavit,
741 2524 762 2556 ita
771 2523 830 2568 pcrgh:
845 2524 889 2557 «Hoc
902 2522 969 2557 consilio
983 2528 999 2555 et

31 2587 98 2620 Nonnus
112 2586 164 2620 editus
177 2590 209 2624 est,
222 2585 268 2619 ouius
281 2585 407 2620 eruditissimum
419 2597 485 2620 carmen
498 2586 513 2619 iu
521 2585 597 2620 iohannis
606 2587 714 2631 Euangelium
726 2586 763 2620 uice
771 2587 828 2631 prolixi
837 2586 946 2621 conumentarii
959 2596 998 2619 esse

34 2650 91 2694 possit.
116 2649 150 2694 Ego
162 2648 259 2694 praedicare
271 2660 304 2682 non
316 2649 372 2683 dribito
384 2650 437 2683 uuidtis
449 2649 490 2684 locis
502 2649 523 2683 ab
536 2660 556 2683 eo
568 2660 594 2683 me
607 2650 679 2683 adiutum
692 2661 736 2684 esse.
760 2650 846 2695 Speroque
858 2650 900 2689 foro,
916 2654 933 2682 ut
946 2648 959 2682 si
972 2648 999 2682 alii
