<?xml version="1.0" encoding="UTF-8"?>
<!DOCTYPE html PUBLIC "-//W3C//DTD XHTML 1.0 Transitional//EN"
    "http://www.w3.org/TR/xhtml1/DTD/xhtml1-transitional.dtd">
<html xmlns="http://www.w3.org/1999/xhtml" xml:lang="en" lang="en">
 <head>
  <title>
</title>
<meta http-equiv="Content-Type" content="text/html;charset=utf-8" />
  <meta name='ocr-system' content='tesseract 3.04.00' />
  <meta name='ocr-capabilities' content='ocr_page ocr_carea ocr_par ocr_line ocrx_word'/>
</head>
<body>
  <div class='ocr_page' id='page_1' title='image "./MN41467ucmf_0_0046.png"; bbox 0 0 2194 2995; ppageno 0'>
   <div class='ocr_carea' id='block_1_1' title="bbox 507 214 621 257">
    <p class='ocr_par' dir='ltr' id='par_1_1' title="bbox 507 214 621 257">
     <span class='ocr_line' id='line_1_1' title="bbox 507 214 621 257; baseline 0 -20"><span class='ocrx_word' id='word_1_1' title='bbox 507 214 621 257; x_wconf 63' lang='grc' dir='ltr'><em>-γρ-.</em></span> 
     </span>
    </p>
   </div>
   <div class='ocr_carea' id='block_1_2' title="bbox 26 310 1048 1056">
    <p class='ocr_par' dir='ltr' id='par_1_2' title="bbox 26 310 1048 1056">
     <span class='ocr_line' id='line_1_2' title="bbox 79 310 1047 363; baseline -0.001 -12"><span class='ocrx_word' id='word_1_2' title='bbox 79 310 138 363; x_wconf 87' lang='lat' dir='ltr'>habuit</span> <span class='ocrx_word' id='word_1_3' title='bbox 145 335 167 340; x_wconf 81' lang='lat'>—</span> <span class='ocrx_word' id='word_1_4' title='bbox 175 315 193 348; x_wconf 76' lang='grc' dir='ltr'><em>ἓν</em></span> <span class='ocrx_word' id='word_1_5' title='bbox 201 314 304 357; x_wconf 78' lang='grc' dir='ltr'><em>τοῦαὸσμον</em></span> <span class='ocrx_word' id='word_1_6' title='bbox 316 311 349 350; x_wconf 67' lang='grc' dir='ltr'><em>οὖν,</em></span> <span class='ocrx_word' id='word_1_7' title='bbox 358 313 405 354; x_wconf 83' lang='grc' dir='ltr'><em>είσίν,</em></span> <span class='ocrx_word' id='word_1_8' title='bbox 417 312 474 352; x_wconf 78' lang='grc' dir='ltr'><em>ταθείς</em></span> <span class='ocrx_word' id='word_1_9' title='bbox 486 311 517 356; x_wconf 76' lang='grc' dir='ltr'><em>ἐγω</em></span> <span class='ocrx_word' id='word_1_10' title='bbox 529 311 560 346; x_wconf 77' lang='grc' dir='ltr'>οὐκ</span> <span class='ocrx_word' id='word_1_11' title='bbox 571 313 603 355; x_wconf 67' lang='lat' dir='ltr'>etot</span> <span class='ocrx_word' id='word_1_12' title='bbox 614 313 632 347; x_wconf 73' lang='grc' dir='ltr'><em>ἐν</em></span> <span class='ocrx_word' id='word_1_13' title='bbox 643 316 673 348; x_wconf 78' lang='grc' dir='ltr'>τοῦ</span> <span class='ocrx_word' id='word_1_14' title='bbox 685 311 807 356; x_wconf 71' lang='grc' dir='ltr'><em>κόσμον-,σθ</em></span> <span class='ocrx_word' id='word_1_15' title='bbox 814 316 883 351; x_wconf 88' lang='lat' dir='ltr'>verbum</span> <span class='ocrx_word' id='word_1_16' title='bbox 896 326 915 350; x_wconf 79' lang='lat' dir='ltr'>ex</span> <span class='ocrx_word' id='word_1_17' title='bbox 924 326 941 352; x_wconf 80' lang='grc' dir='ltr'><em>ια</em></span> <span class='ocrx_word' id='word_1_18' title='bbox 953 314 1047 362; x_wconf 75' lang='lat' dir='ltr'>repetitum,</span> 
     </span>
     <span class='ocr_line' id='line_1_3' title="bbox 79 363 1048 428; baseline 0.002 -17"><span class='ocrx_word' id='word_1_19' title='bbox 79 391 112 414; x_wconf 80' lang='lat' dir='ltr'>nee</span> <span class='ocrx_word' id='word_1_20' title='bbox 124 369 145 417; x_wconf 47' lang='lat'>18³</span> <span class='ocrx_word' id='word_1_21' title='bbox 153 382 173 403; x_wconf 57' lang='lat' dir='ltr'>¹-l</span> <span class='ocrx_word' id='word_1_22' title='bbox 186 363 243 416; x_wconf 72' lang='grc' dir='ltr'><em>κλιθείς</em></span> <span class='ocrx_word' id='word_1_23' title='bbox 255 377 281 420; x_wconf 76' lang='grc' dir='ltr'>ἐμὲ</span> <span class='ocrx_word' id='word_1_24' title='bbox 293 369 387 428; x_wconf 80' lang='grc' dir='ltr'><em>ἀπέστειλας</em></span> <span class='ocrx_word' id='word_1_25' title='bbox 398 378 421 416; x_wconf 82' lang='grc' dir='ltr'><em>είς</em></span> <span class='ocrx_word' id='word_1_26' title='bbox 431 375 461 410; x_wconf 84' lang='grc' dir='ltr'><em>τὸν</em></span> <span class='ocrx_word' id='word_1_27' title='bbox 475 374 594 419; x_wconf 63' lang='lat' dir='ltr'>adrumetina</span> <span class='ocrx_word' id='word_1_28' title='bbox 607 376 692 411; x_wconf 75' lang='grc' dir='ltr'><em>ἀπέστειλα</em></span> <span class='ocrx_word' id='word_1_29' title='bbox 703 375 764 416; x_wconf 75' lang='grc' dir='ltr'><em>αὐτοὺς</em></span> <span class='ocrx_word' id='word_1_30' title='bbox 775 378 797 417; x_wconf 87' lang='grc' dir='ltr'><em>είς</em></span> <span class='ocrx_word' id='word_1_31' title='bbox 808 377 837 412; x_wconf 81' lang='grc' dir='ltr'><em>τὸν</em></span> <span class='ocrx_word' id='word_1_32' title='bbox 848 377 911 421; x_wconf 78' lang='grc' dir='ltr'><em>κόσμον</em></span> <span class='ocrx_word' id='word_1_33' title='bbox 920 396 959 420; x_wconf 64' lang='lat'>=-,.</span> <span class='ocrx_word' id='word_1_34' title='bbox 973 391 1005 424; x_wconf 88' lang='lat' dir='ltr'>quo</span> <span class='ocrx_word' id='word_1_35' title='bbox 1017 380 1048 413; x_wconf 90' lang='lat' dir='ltr'>im-</span> 
     </span>
     <span class='ocr_line' id='line_1_4' title="bbox 80 438 1047 488; baseline -0.002 -11"><span class='ocrx_word' id='word_1_36' title='bbox 80 449 148 488; x_wconf 90' lang='lat' dir='ltr'>portune</span> <span class='ocrx_word' id='word_1_37' title='bbox 161 441 292 476; x_wconf 77' lang='lat' dir='ltr'>sanctificationis</span> <span class='ocrx_word' id='word_1_38' title='bbox 306 441 395 485; x_wconf 81' lang='lat' dir='ltr'>doctrinam</span> <span class='ocrx_word' id='word_1_39' title='bbox 407 438 502 485; x_wconf 67' lang='lat' dir='ltr'><strong>interrumpi</strong></span> <span class='ocrx_word' id='word_1_40' title='bbox 514 451 593 475; x_wconf 78' lang='lat' dir='ltr'>uersuum</span> <span class='ocrx_word' id='word_1_41' title='bbox 608 443 641 486; x_wconf 75' lang='lat' dir='ltr'>J&#39;am</span> <span class='ocrx_word' id='word_1_42' title='bbox 659 441 720 487; x_wconf 89' lang='lat' dir='ltr'>optime</span> <span class='ocrx_word' id='word_1_43' title='bbox 738 440 859 476; x_wconf 79' lang='lat' dir='ltr'>cohaerentium</span> <span class='ocrx_word' id='word_1_44' title='bbox 878 449 978 487; x_wconf 84' lang='lat' dir='ltr'>conspectus</span> <span class='ocrx_word' id='word_1_45' title='bbox 990 443 1047 477; x_wconf 87' lang='lat' dir='ltr'>docet:</span> 
     </span>
     <span class='ocr_line' id='line_1_5' title="bbox 79 500 1048 548; baseline -0.001 -9"><span class='ocrx_word' id='word_1_46' title='bbox 79 502 235 548; x_wconf 65' lang='lat' dir='ltr'>aytanonuv&#39;rodg</span> <span class='ocrx_word' id='word_1_47' title='bbox 247 503 265 537; x_wconf 76' lang='grc' dir='ltr'><em>ἐν</em></span> <span class='ocrx_word' id='word_1_48' title='bbox 275 507 295 548; x_wconf 75' lang='grc' dir='ltr'>τῇ</span> <span class='ocrx_word' id='word_1_49' title='bbox 308 502 387 548; x_wconf 83' lang='grc' dir='ltr'><em>ἀληθείη·</em></span> <span class='ocrx_word' id='word_1_50' title='bbox 403 500 412 535; x_wconf 86' lang='grc' dir='ltr'>ὁ</span> <span class='ocrx_word' id='word_1_51' title='bbox 424 501 473 546; x_wconf 81' lang='grc' dir='ltr'><em>λόγος</em></span> <span class='ocrx_word' id='word_1_52' title='bbox 485 501 493 537; x_wconf 83' lang='grc' dir='ltr'>ὁ</span> <span class='ocrx_word' id='word_1_53' title='bbox 506 501 534 542; x_wconf 81' lang='grc' dir='ltr'>σὸς</span> <span class='ocrx_word' id='word_1_54' title='bbox 546 501 630 547; x_wconf 85' lang='grc' dir='ltr'><em>ἀλήθειά</em></span> <span class='ocrx_word' id='word_1_55' title='bbox 641 504 694 539; x_wconf 81' lang='grc' dir='ltr'><em>ἐστιν·</em></span> <span class='ocrx_word' id='word_1_56' title='bbox 708 504 735 538; x_wconf 79' lang='grc' dir='ltr'><em>καὶ</em></span> <span class='ocrx_word' id='word_1_57' title='bbox 746 502 787 548; x_wconf 71' lang='grc' dir='ltr'>ὑπὲρ</span> <span class='ocrx_word' id='word_1_58' title='bbox 799 503 853 539; x_wconf 72' lang='grc' dir='ltr'><em>αὐτῶν</em></span> <span class='ocrx_word' id='word_1_59' title='bbox 865 503 896 548; x_wconf 72' lang='grc' dir='ltr'><em>ἀγοί</em></span> <span class='ocrx_word' id='word_1_60' title='bbox 912 503 986 548; x_wconf 81' lang='grc' dir='ltr'><em>ἀγιάζω</em></span> <span class='ocrx_word' id='word_1_61' title='bbox 998 505 1048 548; x_wconf 81' lang='grc' dir='ltr'><em>ἐμαν-</em></span> 
     </span>
     <span class='ocr_line' id='line_1_6' title="bbox 79 561 583 613; baseline -0.006 -11"><span class='ocrx_word' id='word_1_62' title='bbox 79 567 116 607; x_wconf 79' lang='grc' dir='ltr'>τὸν,</span> <span class='ocrx_word' id='word_1_63' title='bbox 129 561 158 602; x_wconf 76' lang='grc' dir='ltr'><em>’ίνα</em></span> <span class='ocrx_word' id='word_1_64' title='bbox 170 563 210 600; x_wconf 65' lang='grc' dir='ltr'><em>οἷσιν</em></span> <span class='ocrx_word' id='word_1_65' title='bbox 221 567 247 601; x_wconf 78' lang='grc' dir='ltr'><em>καὶ</em></span> <span class='ocrx_word' id='word_1_66' title='bbox 260 566 307 601; x_wconf 77' lang='grc' dir='ltr'><em>αὐτοὶ</em></span> <span class='ocrx_word' id='word_1_67' title='bbox 318 565 438 610; x_wconf 79' lang='grc' dir='ltr'><em>ἡγιασμένοι</em></span> <span class='ocrx_word' id='word_1_68' title='bbox 451 566 471 600; x_wconf 77' lang='grc' dir='ltr'><em>ἐν</em></span> <span class='ocrx_word' id='word_1_69' title='bbox 483 565 583 613; x_wconf 65' lang='grc' dir='ltr'><em>ἀληθεία,</em></span> 
     </span>
     <span class='ocr_line' id='line_1_7' title="bbox 123 616 1047 677; baseline -0.001 -11"><span class='ocrx_word' id='word_1_70' title='bbox 123 633 174 667; x_wconf 85' lang='lat' dir='ltr'>lbid.</span> <span class='ocrx_word' id='word_1_71' title='bbox 186 643 203 668; x_wconf 67' lang='grc' dir='ltr'><em>νε</em></span> <span class='ocrx_word' id='word_1_72' title='bbox 216 643 241 677; x_wconf 83' lang='lat' dir='ltr'>sq.</span> <span class='ocrx_word' id='word_1_73' title='bbox 254 637 315 665; x_wconf 87' lang='lat' dir='ltr'>tantum</span> <span class='ocrx_word' id='word_1_74' title='bbox 327 630 383 664; x_wconf 83' lang='lat' dir='ltr'>habuit</span> <span class='ocrx_word' id='word_1_75' title='bbox 399 628 430 672; x_wconf 76' lang='grc' dir='ltr'><em>ἐγώ</em></span> <span class='ocrx_word' id='word_1_76' title='bbox 446 630 463 665; x_wconf 78' lang='grc' dir='ltr'>δέ</span> <span class='ocrx_word' id='word_1_77' title='bbox 478 638 495 664; x_wconf 91' lang='grc' dir='ltr'><em>σε</em></span> <span class='ocrx_word' id='word_1_78' title='bbox 509 629 561 672; x_wconf 77' lang='grc' dir='ltr'><em>ἔγνων</em></span> <span class='ocrx_word' id='word_1_79' title='bbox 577 631 604 664; x_wconf 84' lang='grc' dir='ltr'><em>ναὶ</em></span> <span class='ocrx_word' id='word_1_80' title='bbox 621 627 667 665; x_wconf 78' lang='grc' dir='ltr'><em>οὗτοι</em></span> <span class='ocrx_word' id='word_1_81' title='bbox 682 630 763 674; x_wconf 77' lang='grc' dir='ltr'><em>ἔγνωσαν,</em></span> <span class='ocrx_word' id='word_1_82' title='bbox 781 630 806 665; x_wconf 78' lang='grc' dir='ltr'>ὅτι</span> <span class='ocrx_word' id='word_1_83' title='bbox 820 629 899 674; x_wconf 75' lang='grc' dir='ltr'>ἐγνώρισα</span> <span class='ocrx_word' id='word_1_84' title='bbox 910 616 994 675; x_wconf 33' lang='grc' dir='ltr'><em>τοιάνομά</em></span> <span class='ocrx_word' id='word_1_85' title='bbox 1008 625 1047 670; x_wconf 84' lang='grc' dir='ltr'><em>σον,</em></span> 
     </span>
     <span class='ocr_line' id='line_1_8' title="bbox 26 682 1047 741; baseline 0 -11"><span class='ocrx_word' id='word_1_86' title='bbox 26 684 29 685; x_wconf 29' lang='lat'><em>⁷</em></span> <span class='ocrx_word' id='word_1_87' title='bbox 79 697 171 739; x_wconf 80' lang='lat' dir='ltr'>praeclare,</span> <span class='ocrx_word' id='word_1_88' title='bbox 189 695 220 729; x_wconf 94' lang='lat' dir='ltr'>nisi</span> <span class='ocrx_word' id='word_1_89' title='bbox 231 695 286 733; x_wconf 75' lang='lat' dir='ltr'>fallor,</span> <span class='ocrx_word' id='word_1_90' title='bbox 305 705 341 729; x_wconf 87' lang='lat' dir='ltr'>eum</span> <span class='ocrx_word' id='word_1_91' title='bbox 357 693 378 727; x_wconf 84' lang='lat' dir='ltr'>ad</span> <span class='ocrx_word' id='word_1_92' title='bbox 397 693 470 735; x_wconf 74' lang='grc' dir='ltr'><em>ἔγνωσαν</em></span> <span class='ocrx_word' id='word_1_93' title='bbox 484 695 593 738; x_wconf 86' lang='lat' dir='ltr'>supplendum</span> <span class='ocrx_word' id='word_1_94' title='bbox 609 695 630 728; x_wconf 90' lang='lat' dir='ltr'>sit</span> <span class='ocrx_word' id='word_1_95' title='bbox 643 694 668 735; x_wconf 83' lang='grc' dir='ltr'>σί,</span> <span class='ocrx_word' id='word_1_96' title='bbox 686 696 730 739; x_wconf 89' lang='lat' dir='ltr'>quod</span> <span class='ocrx_word' id='word_1_97' title='bbox 743 682 799 740; x_wconf 89' lang='lat' dir='ltr'>ipsum</span> <span class='ocrx_word' id='word_1_98' title='bbox 809 696 853 740; x_wconf 86' lang='lat' dir='ltr'>addit</span> <span class='ocrx_word' id='word_1_99' title='bbox 864 695 962 741; x_wconf 78' lang='lat' dir='ltr'>Hippolytus</span> <span class='ocrx_word' id='word_1_100' title='bbox 975 697 1018 741; x_wconf 86' lang='lat' dir='ltr'>apud</span> <span class='ocrx_word' id='word_1_101' title='bbox 1031 698 1047 730; x_wconf 88' lang='grc' dir='ltr'>Τ.</span> 
     </span>
     <span class='ocr_line' id='line_1_9' title="bbox 80 755 1047 804; baseline 0 -11"><span class='ocrx_word' id='word_1_102' title='bbox 80 760 171 794; x_wconf 85' lang='lat' dir='ltr'>Genuinum</span> <span class='ocrx_word' id='word_1_103' title='bbox 185 770 232 800; x_wconf 70' lang='lat' dir='ltr'>esse,</span> <span class='ocrx_word' id='word_1_104' title='bbox 246 759 290 804; x_wconf 90' lang='lat' dir='ltr'>quod</span> <span class='ocrx_word' id='word_1_105' title='bbox 302 759 351 803; x_wconf 78' lang='lat' dir='ltr'>uulgo</span> <span class='ocrx_word' id='word_1_106' title='bbox 364 764 402 803; x_wconf 87' lang='lat' dir='ltr'>post</span> <span class='ocrx_word' id='word_1_107' title='bbox 414 757 438 791; x_wconf 80' lang='grc' dir='ltr'>ὅτι</span> <span class='ocrx_word' id='word_1_108' title='bbox 451 758 544 798; x_wconf 74' lang='lat' dir='ltr'>intruditur,</span> <span class='ocrx_word' id='word_1_109' title='bbox 558 755 577 790; x_wconf 78' lang='grc' dir='ltr'>ον’</span> <span class='ocrx_word' id='word_1_110' title='bbox 590 770 609 800; x_wconf 81' lang='grc' dir='ltr'><em>με</em></span> <span class='ocrx_word' id='word_1_111' title='bbox 621 756 715 796; x_wconf 70' lang='grc' dir='ltr'><em>ἀπέστειλας</em></span> <span class='ocrx_word' id='word_1_112' title='bbox 728 759 756 791; x_wconf 81' lang='grc' dir='ltr'><em>καί</em></span> <span class='ocrx_word' id='word_1_113' title='bbox 767 760 869 803; x_wconf 86' lang='lat' dir='ltr'>persuadere</span> <span class='ocrx_word' id='word_1_114' title='bbox 880 759 918 792; x_wconf 89' lang='lat' dir='ltr'>mihi</span> <span class='ocrx_word' id='word_1_115' title='bbox 930 771 962 793; x_wconf 91' lang='lat' dir='ltr'>non</span> <span class='ocrx_word' id='word_1_116' title='bbox 975 758 1047 804; x_wconf 82' lang='lat' dir='ltr'>possum.</span> 
     </span>
     <span class='ocr_line' id='line_1_10' title="bbox 123 821 1048 869; baseline 0.001 -13"><span class='ocrx_word' id='word_1_117' title='bbox 123 823 191 856; x_wconf 84' lang='lat' dir='ltr'>Rectius</span> <span class='ocrx_word' id='word_1_118' title='bbox 204 823 260 862; x_wconf 74' lang='lat' dir='ltr'>etiam,</span> <span class='ocrx_word' id='word_1_119' title='bbox 273 823 285 856; x_wconf 93' lang='lat' dir='ltr'>si</span> <span class='ocrx_word' id='word_1_120' title='bbox 298 822 338 868; x_wconf 92' lang='lat' dir='ltr'>quid</span> <span class='ocrx_word' id='word_1_121' title='bbox 349 822 407 861; x_wconf 72' lang='lat' dir='ltr'>video,</span> <span class='ocrx_word' id='word_1_122' title='bbox 421 821 448 862; x_wconf 84' lang='grc'>18,</span> <span class='ocrx_word' id='word_1_123' title='bbox 461 833 479 858; x_wconf 69' lang='lat'>22</span> <span class='ocrx_word' id='word_1_124' title='bbox 490 821 563 855; x_wconf 75' lang='lat' dir='ltr'>minister</span> <span class='ocrx_word' id='word_1_125' title='bbox 574 826 634 854; x_wconf 86' lang='lat' dir='ltr'>tantum</span> <span class='ocrx_word' id='word_1_126' title='bbox 650 821 720 865; x_wconf 82' lang='lat' dir='ltr'>colapho</span> <span class='ocrx_word' id='word_1_127' title='bbox 737 833 770 856; x_wconf 91' lang='lat' dir='ltr'>non</span> <span class='ocrx_word' id='word_1_128' title='bbox 782 823 832 857; x_wconf 87' lang='lat' dir='ltr'>verbo</span> <span class='ocrx_word' id='word_1_129' title='bbox 845 822 924 856; x_wconf 83' lang='lat' dir='ltr'>Christum</span> <span class='ocrx_word' id='word_1_130' title='bbox 937 823 1018 869; x_wconf 77' lang='lat' dir='ltr'>objurgat,</span> <span class='ocrx_word' id='word_1_131' title='bbox 1031 829 1048 857; x_wconf 88' lang='lat' dir='ltr'>ut</span> 
     </span>
     <span class='ocr_line' id='line_1_11' title="bbox 80 882 1048 932; baseline -0.001 -11"><span class='ocrx_word' id='word_1_132' title='bbox 80 889 118 921; x_wconf 84' lang='lat' dir='ltr'>oum</span> <span class='ocrx_word' id='word_1_133' title='bbox 128 887 187 920; x_wconf 89' lang='lat' dir='ltr'>Nonno</span> <span class='ocrx_word' id='word_1_134' title='bbox 201 886 285 920; x_wconf 79' lang='lat' dir='ltr'>deleamus</span> <span class='ocrx_word' id='word_1_135' title='bbox 297 885 348 920; x_wconf 81' lang='lat' dir='ltr'>rerba</span> <span class='ocrx_word' id='word_1_136' title='bbox 360 883 473 923; x_wconf 78' lang='grc' dir='ltr'><em>είαωνΟάτως</em></span> <span class='ocrx_word' id='word_1_137' title='bbox 485 882 565 926; x_wconf 84' lang='grc' dir='ltr'><em>ἀαοαρίνη</em></span> <span class='ocrx_word' id='word_1_138' title='bbox 576 886 599 916; x_wconf 77' lang='grc' dir='ltr'>τῶ</span> <span class='ocrx_word' id='word_1_139' title='bbox 612 882 689 927; x_wconf 65' lang='grc' dir='ltr'><em>ἀρχιερεῖς</em></span> <span class='ocrx_word' id='word_1_140' title='bbox 701 884 717 919; x_wconf 88' lang='lat' dir='ltr'>id</span> <span class='ocrx_word' id='word_1_141' title='bbox 729 886 782 930; x_wconf 90' lang='lat' dir='ltr'>ipsum</span> <span class='ocrx_word' id='word_1_142' title='bbox 795 887 837 920; x_wconf 92' lang='lat' dir='ltr'>enim</span> <span class='ocrx_word' id='word_1_143' title='bbox 849 886 932 931; x_wconf 86' lang='lat' dir='ltr'>postulare</span> <span class='ocrx_word' id='word_1_144' title='bbox 938 887 1048 932; x_wconf 35' lang='lat' dir='ltr'>‚videturllo-</span> 
     </span>
     <span class='ocr_line' id='line_1_12' title="bbox 29 934 999 994; baseline -0.001 -11"><span class='ocrx_word' id='word_1_145' title='bbox 29 946 31 949; x_wconf 42' lang='lat'>⁵</span> <span class='ocrx_word' id='word_1_146' title='bbox 79 951 116 984; x_wconf 89' lang='lat' dir='ltr'>mini</span> <span class='ocrx_word' id='word_1_147' title='bbox 128 949 226 994; x_wconf 80' lang='lat' dir='ltr'>vituperatio</span> <span class='ocrx_word' id='word_1_148' title='bbox 238 960 265 985; x_wconf 75' lang='lat' dir='ltr'>aa:</span> <span class='ocrx_word' id='word_1_149' title='bbox 278 949 291 982; x_wconf 85' lang='grc' dir='ltr'><em>εί</em></span> <span class='ocrx_word' id='word_1_150' title='bbox 302 950 356 987; x_wconf 74' lang='grc' dir='ltr'><em>καλῶς</em></span> <span class='ocrx_word' id='word_1_151' title='bbox 368 946 445 990; x_wconf 79' lang='grc' dir='ltr'><em>ἒλάλησα,</em></span> <span class='ocrx_word' id='word_1_152' title='bbox 457 945 585 990; x_wconf 76' lang='grc' dir='ltr'><em>μαρτύρησον</em></span> <span class='ocrx_word' id='word_1_153' title='bbox 597 947 633 989; x_wconf 83' lang='grc' dir='ltr'><em>περί</em></span> <span class='ocrx_word' id='word_1_154' title='bbox 644 950 675 981; x_wconf 79' lang='grc' dir='ltr'>τοῦ</span> <span class='ocrx_word' id='word_1_155' title='bbox 686 950 747 981; x_wconf 77' lang='grc' dir='ltr'><em>κανοῦ·</em></span> <span class='ocrx_word' id='word_1_156' title='bbox 760 950 773 981; x_wconf 83' lang='grc' dir='ltr'><em>εί</em></span> <span class='ocrx_word' id='word_1_157' title='bbox 781 948 799 981; x_wconf 72' lang='grc' dir='ltr'>δὲ</span> <span class='ocrx_word' id='word_1_158' title='bbox 811 951 872 987; x_wconf 72' lang='grc' dir='ltr'><em>καλῶς,</em></span> <span class='ocrx_word' id='word_1_159' title='bbox 884 949 899 981; x_wconf 88' lang='grc' dir='ltr'>τί</span> <span class='ocrx_word' id='word_1_160' title='bbox 910 961 929 991; x_wconf 89' lang='grc' dir='ltr'><em>με</em></span> <span class='ocrx_word' id='word_1_161' title='bbox 941 934 999 992; x_wconf 76' lang='grc' dir='ltr'><em>δὲρεις;</em></span> 
     </span>
     <span class='ocr_line' id='line_1_13' title="bbox 124 1010 1048 1056; baseline -0.001 -8"><span class='ocrx_word' id='word_1_162' title='bbox 124 1015 159 1048; x_wconf 84' lang='lat' dir='ltr'>Neo</span> <span class='ocrx_word' id='word_1_163' title='bbox 172 1013 232 1047; x_wconf 79' lang='lat' dir='ltr'>Christi</span> <span class='ocrx_word' id='word_1_164' title='bbox 246 1013 296 1047; x_wconf 89' lang='lat' dir='ltr'>oratio</span> <span class='ocrx_word' id='word_1_165' title='bbox 309 1012 380 1046; x_wconf 85' lang='lat' dir='ltr'>imminui</span> <span class='ocrx_word' id='word_1_166' title='bbox 392 1011 429 1045; x_wconf 91' lang='lat' dir='ltr'>mihi</span> <span class='ocrx_word' id='word_1_167' title='bbox 442 1012 512 1051; x_wconf 77' lang='lat' dir='ltr'>ridetur,</span> <span class='ocrx_word' id='word_1_168' title='bbox 526 1011 539 1044; x_wconf 92' lang='lat' dir='ltr'>si</span> <span class='ocrx_word' id='word_1_169' title='bbox 551 1010 600 1045; x_wconf 77' lang='lat' dir='ltr'>thid,</span> <span class='ocrx_word' id='word_1_170' title='bbox 613 1022 630 1048; x_wconf 80' lang='lat'>37</span> <span class='ocrx_word' id='word_1_171' title='bbox 641 1011 686 1046; x_wconf 85' lang='lat' dir='ltr'>Pilati</span> <span class='ocrx_word' id='word_1_172' title='bbox 699 1011 819 1056; x_wconf 75' lang='lat' dir='ltr'>interrogationi</span> <span class='ocrx_word' id='word_1_173' title='bbox 832 1011 898 1046; x_wconf 79' lang='grc' dir='ltr'><em>Οὐκοῦν</em></span> <span class='ocrx_word' id='word_1_174' title='bbox 908 1012 984 1055; x_wconf 79' lang='grc' dir='ltr'><em>βασιλεὺς</em></span> <span class='ocrx_word' id='word_1_175' title='bbox 995 1011 1011 1046; x_wconf 79' lang='grc' dir='ltr'><em>ελ</em></span> <span class='ocrx_word' id='word_1_176' title='bbox 1021 1011 1048 1052; x_wconf 59' lang='grc' dir='ltr'>σός</span> 
     </span>
    </p>
   </div>
   <div class='ocr_carea' id='block_1_3' title="bbox 80 1069 1047 1123">
    <p class='ocr_par' dir='ltr' id='par_1_3' title="bbox 80 1069 1047 1123">
     <span class='ocr_line' id='line_1_14' title="bbox 80 1069 1047 1123; baseline -0.002 -12"><span class='ocrx_word' id='word_1_177' title='bbox 80 1097 100 1102; x_wconf 86' lang='grc'>-</span> <span class='ocrx_word' id='word_1_178' title='bbox 111 1077 155 1123; x_wconf 89' lang='lat' dir='ltr'>quod</span> <span class='ocrx_word' id='word_1_179' title='bbox 168 1077 189 1111; x_wconf 85' lang='lat' dir='ltr'>ad</span> <span class='ocrx_word' id='word_1_180' title='bbox 202 1077 270 1111; x_wconf 90' lang='lat' dir='ltr'>verbum</span> <span class='ocrx_word' id='word_1_181' title='bbox 282 1075 362 1110; x_wconf 77' lang='lat' dir='ltr'>transtulit</span> <span class='ocrx_word' id='word_1_182' title='bbox 374 1076 503 1112; x_wconf 74' lang='lat' dir='ltr'>Nonnusv.175</span> <span class='ocrx_word' id='word_1_183' title='bbox 515 1069 526 1117; x_wconf 76' lang='grc' dir='ltr'><strong><em>ἦ</em></strong></span> <span class='ocrx_word' id='word_1_184' title='bbox 537 1074 558 1117; x_wconf 77' lang='grc' dir='ltr'><em>ῥα</em></span> <span class='ocrx_word' id='word_1_185' title='bbox 570 1072 592 1107; x_wconf 77' lang='grc' dir='ltr'>σὺ</span> <span class='ocrx_word' id='word_1_186' title='bbox 606 1075 643 1116; x_wconf 79' lang='lat' dir='ltr'>(non</span> <span class='ocrx_word' id='word_1_187' title='bbox 654 1072 675 1117; x_wconf 81' lang='grc' dir='ltr'><em>ῥά</em></span> <span class='ocrx_word' id='word_1_188' title='bbox 685 1086 718 1112; x_wconf 88' lang='grc' dir='ltr'><em>νν,</em></span> <span class='ocrx_word' id='word_1_189' title='bbox 732 1076 749 1108; x_wconf 90' lang='lat' dir='ltr'>ut</span> <span class='ocrx_word' id='word_1_190' title='bbox 757 1076 805 1120; x_wconf 78' lang='lat' dir='ltr'>vulgo</span> <span class='ocrx_word' id='word_1_191' title='bbox 814 1075 876 1120; x_wconf 74' lang='lat' dir='ltr'>legitur)</span> <span class='ocrx_word' id='word_1_192' title='bbox 889 1076 966 1117; x_wconf 79' lang='grc' dir='ltr'><em>κοίρανος</em></span> <span class='ocrx_word' id='word_1_193' title='bbox 978 1076 1018 1115; x_wconf 70' lang='grc' dir='ltr'><em>ίσσίς</em></span> <span class='ocrx_word' id='word_1_194' title='bbox 1027 1096 1047 1101; x_wconf 87' lang='grc'><strong>-</strong></span> 
     </span>
    </p>
   </div>
   <div class='ocr_carea' id='block_1_4' title="bbox 79 1138 1080 2642">
    <p class='ocr_par' dir='ltr' id='par_1_4' title="bbox 79 1138 1080 1312">
     <span class='ocr_line' id='line_1_15' title="bbox 81 1138 1080 1186; baseline -0.002 -12"><span class='ocrx_word' id='word_1_195' title='bbox 81 1140 175 1186; x_wconf 80' lang='lat' dir='ltr'>simpliciter</span> <span class='ocrx_word' id='word_1_196' title='bbox 187 1150 226 1174; x_wconf 86' lang='lat' dir='ltr'>suae</span> <span class='ocrx_word' id='word_1_197' title='bbox 241 1140 322 1174; x_wconf 86' lang='lat' dir='ltr'>missionis</span> <span class='ocrx_word' id='word_1_198' title='bbox 338 1139 425 1172; x_wconf 83' lang='lat' dir='ltr'>eonsilium</span> <span class='ocrx_word' id='word_1_199' title='bbox 441 1138 516 1183; x_wconf 90' lang='lat' dir='ltr'>opponit:</span> <span class='ocrx_word' id='word_1_200' title='bbox 533 1139 564 1176; x_wconf 89' lang='grc' dir='ltr'>Είς</span> <span class='ocrx_word' id='word_1_201' title='bbox 578 1140 627 1171; x_wconf 82' lang='grc' dir='ltr'><em>τοῦτο</em></span> <span class='ocrx_word' id='word_1_202' title='bbox 641 1138 737 1181; x_wconf 78' lang='grc' dir='ltr'><em>γεγέννημαι</em></span> <span class='ocrx_word' id='word_1_203' title='bbox 751 1139 778 1172; x_wconf 83' lang='grc' dir='ltr'>ναί</span> <span class='ocrx_word' id='word_1_204' title='bbox 793 1140 815 1178; x_wconf 83' lang='grc' dir='ltr'><em>είς</em></span> <span class='ocrx_word' id='word_1_205' title='bbox 830 1141 878 1173; x_wconf 84' lang='grc' dir='ltr'><em>τοῦτο</em></span> <span class='ocrx_word' id='word_1_206' title='bbox 894 1138 967 1183; x_wconf 78' lang='grc' dir='ltr'><em>ἐλήλυθα</em></span> <span class='ocrx_word' id='word_1_207' title='bbox 983 1141 1006 1179; x_wconf 85' lang='grc' dir='ltr'><em>εἰς</em></span> <span class='ocrx_word' id='word_1_208' title='bbox 1019 1139 1047 1175; x_wconf 81' lang='grc' dir='ltr'><em>τίν</em></span> <span class='ocrx_word' id='word_1_209' title='bbox 1077 1180 1080 1186; x_wconf 31' lang='lat'><strong>⁴</strong></span> 
     </span>
     <span class='ocr_line' id='line_1_16' title="bbox 80 1199 1048 1253; baseline 0.002 -19"><span class='ocrx_word' id='word_1_210' title='bbox 80 1202 150 1253; x_wconf 64' lang='grc' dir='ltr'><em>κόσμον,</em></span> <span class='ocrx_word' id='word_1_211' title='bbox 168 1204 199 1244; x_wconf 32' lang='grc' dir='ltr'><em>ἴνα,</em></span> <span class='ocrx_word' id='word_1_212' title='bbox 207 1201 306 1246; x_wconf 82' lang='grc' dir='ltr'><em>μαρτυρήσω</em></span> <span class='ocrx_word' id='word_1_213' title='bbox 316 1203 337 1245; x_wconf 81' lang='grc' dir='ltr'>τῇ</span> <span class='ocrx_word' id='word_1_214' title='bbox 349 1199 424 1246; x_wconf 76' lang='grc' dir='ltr'><em>ἀληθείη,</em></span> <span class='ocrx_word' id='word_1_215' title='bbox 441 1202 506 1236; x_wconf 84' lang='lat' dir='ltr'>omissis</span> <span class='ocrx_word' id='word_1_216' title='bbox 519 1212 561 1246; x_wconf 83' lang='lat' dir='ltr'>quae</span> <span class='ocrx_word' id='word_1_217' title='bbox 573 1201 623 1235; x_wconf 85' lang='lat' dir='ltr'>hodie</span> <span class='ocrx_word' id='word_1_218' title='bbox 635 1202 758 1247; x_wconf 80' lang='lat' dir='ltr'>praemittuntur</span> <span class='ocrx_word' id='word_1_219' title='bbox 774 1202 800 1236; x_wconf 81' lang='grc' dir='ltr'><em>Σά</em></span> <span class='ocrx_word' id='word_1_220' title='bbox 812 1202 871 1245; x_wconf 79' lang='grc' dir='ltr'><em>λέγεις,</em></span> <span class='ocrx_word' id='word_1_221' title='bbox 889 1201 915 1235; x_wconf 84' lang='grc' dir='ltr'>ὅτι</span> <span class='ocrx_word' id='word_1_222' title='bbox 928 1202 1004 1246; x_wconf 78' lang='grc' dir='ltr'><em>βασιλεύς</em></span> <span class='ocrx_word' id='word_1_223' title='bbox 1017 1205 1048 1247; x_wconf 82' lang='grc' dir='ltr'><em>εἰμι</em></span> 
     </span>
     <span class='ocr_line' id='line_1_17' title="bbox 79 1264 925 1312; baseline 0 -12"><span class='ocrx_word' id='word_1_224' title='bbox 79 1265 119 1310; x_wconf 75' lang='grc' dir='ltr'><em>ἐγώ,</em></span> <span class='ocrx_word' id='word_1_225' title='bbox 131 1267 159 1302; x_wconf 90' lang='lat' dir='ltr'>ubi</span> <span class='ocrx_word' id='word_1_226' title='bbox 170 1267 229 1300; x_wconf 90' lang='lat' dir='ltr'>iterum</span> <span class='ocrx_word' id='word_1_227' title='bbox 240 1266 321 1312; x_wconf 82' lang='lat' dir='ltr'>habemus</span> <span class='ocrx_word' id='word_1_228' title='bbox 334 1271 351 1299; x_wconf 91' lang='lat' dir='ltr'>ut</span> <span class='ocrx_word' id='word_1_229' title='bbox 363 1266 411 1298; x_wconf 87' lang='lat' dir='ltr'>etiam</span> <span class='ocrx_word' id='word_1_230' title='bbox 424 1276 474 1310; x_wconf 87' lang='lat' dir='ltr'>supra</span> <span class='ocrx_word' id='word_1_231' title='bbox 488 1264 516 1305; x_wconf 80' lang='grc'>18,</span> <span class='ocrx_word' id='word_1_232' title='bbox 528 1276 537 1301; x_wconf 83' lang='lat'>8</span> <span class='ocrx_word' id='word_1_233' title='bbox 551 1267 633 1309; x_wconf 87' lang='lat' dir='ltr'>ejusmodi</span> <span class='ocrx_word' id='word_1_234' title='bbox 644 1266 736 1300; x_wconf 86' lang='lat' dir='ltr'>membrum</span> <span class='ocrx_word' id='word_1_235' title='bbox 747 1277 778 1311; x_wconf 90' lang='lat' dir='ltr'>per</span> <span class='ocrx_word' id='word_1_236' title='bbox 790 1265 814 1299; x_wconf 79' lang='grc' dir='ltr'>ὅτι</span> <span class='ocrx_word' id='word_1_237' title='bbox 826 1268 925 1312; x_wconf 83' lang='lat' dir='ltr'>adjunctum.</span> 
     </span>
    </p>

    <p class='ocr_par' dir='ltr' id='par_1_5' title="bbox 124 1327 849 1375">
     <span class='ocr_line' id='line_1_18' title="bbox 124 1327 849 1375; baseline 0 -11"><span class='ocrx_word' id='word_1_238' title='bbox 124 1330 181 1365; x_wconf 84' lang='lat' dir='ltr'>Mirum</span> <span class='ocrx_word' id='word_1_239' title='bbox 193 1331 242 1365; x_wconf 86' lang='lat' dir='ltr'>etiam</span> <span class='ocrx_word' id='word_1_240' title='bbox 255 1336 287 1370; x_wconf 74' lang='lat' dir='ltr'>est,</span> <span class='ocrx_word' id='word_1_241' title='bbox 300 1329 345 1375; x_wconf 88' lang='lat' dir='ltr'>quod</span> <span class='ocrx_word' id='word_1_242' title='bbox 357 1329 401 1373; x_wconf 89' lang='lat' dir='ltr'>apud</span> <span class='ocrx_word' id='word_1_243' title='bbox 413 1329 488 1363; x_wconf 88' lang='lat' dir='ltr'>Nounum</span> <span class='ocrx_word' id='word_1_244' title='bbox 501 1327 533 1370; x_wconf 81' lang='grc'>19,</span> <span class='ocrx_word' id='word_1_245' title='bbox 546 1340 561 1362; x_wconf 83' lang='grc' dir='ltr'><em>ν.</em></span> <span class='ocrx_word' id='word_1_246' title='bbox 573 1340 600 1365; x_wconf 74' lang='grc' dir='ltr'>ιιο</span> <span class='ocrx_word' id='word_1_247' title='bbox 612 1341 637 1375; x_wconf 88' lang='lat' dir='ltr'>sq.</span> <span class='ocrx_word' id='word_1_248' title='bbox 650 1331 672 1364; x_wconf 88' lang='lat' dir='ltr'>de</span> <span class='ocrx_word' id='word_1_249' title='bbox 684 1329 760 1363; x_wconf 89' lang='lat' dir='ltr'>militibus</span> <span class='ocrx_word' id='word_1_250' title='bbox 771 1331 849 1375; x_wconf 75' lang='lat' dir='ltr'>legimus:</span> 
     </span>
    </p>

    <p class='ocr_par' dir='ltr' id='par_1_6' title="bbox 369 1383 733 1436">
     <span class='ocr_line' id='line_1_19' title="bbox 369 1383 733 1436; baseline 0.003 -12"><span class='ocrx_word' id='word_1_251' title='bbox 369 1392 458 1434; x_wconf 85' lang='grc' dir='ltr'><em>θεσπεσίην</em></span> <span class='ocrx_word' id='word_1_252' title='bbox 471 1383 532 1434; x_wconf 78' lang='grc' dir='ltr'><em>ἐσθῆτα</em></span> <span class='ocrx_word' id='word_1_253' title='bbox 545 1392 632 1434; x_wconf 60' lang='lat' dir='ltr'>repnentur</span> <span class='ocrx_word' id='word_1_254' title='bbox 643 1394 733 1436; x_wconf 77' lang='grc' dir='ltr'><em>βασιλῆος</em></span> 
     </span>
    </p>

    <p class='ocr_par' dir='ltr' id='par_1_7' title="bbox 80 1449 1046 1690">
     <span class='ocr_line' id='line_1_20' title="bbox 370 1449 796 1499; baseline 0.005 -12"><span class='ocrx_word' id='word_1_255' title='bbox 370 1453 547 1497; x_wconf 80' lang='grc' dir='ltr'><em>ίστάμενοι.ὁάσοαντο</em></span> <span class='ocrx_word' id='word_1_256' title='bbox 559 1455 585 1488; x_wconf 83' lang='grc' dir='ltr'><em>καὶ</em></span> <span class='ocrx_word' id='word_1_257' title='bbox 597 1449 684 1499; x_wconf 71' lang='grc' dir='ltr'><em>αἰγλήεντα</em></span> <span class='ocrx_word' id='word_1_258' title='bbox 695 1458 762 1498; x_wconf 77' lang='grc' dir='ltr'><em>χιτῶνα,</em></span> <span class='ocrx_word' id='word_1_259' title='bbox 795 1451 796 1454; x_wconf 33' lang='grc'><strong>“</strong></span> 
     </span>
     <span class='ocr_line' id='line_1_21' title="bbox 80 1519 1046 1565; baseline -0.001 -10"><span class='ocrx_word' id='word_1_260' title='bbox 80 1528 96 1555; x_wconf 91' lang='lat' dir='ltr'>ut</span> <span class='ocrx_word' id='word_1_261' title='bbox 111 1522 126 1555; x_wconf 94' lang='lat' dir='ltr'>in</span> <span class='ocrx_word' id='word_1_262' title='bbox 142 1532 173 1554; x_wconf 91' lang='lat' dir='ltr'>suo</span> <span class='ocrx_word' id='word_1_263' title='bbox 190 1520 275 1564; x_wconf 77' lang='lat' dir='ltr'>evangelio</span> <span class='ocrx_word' id='word_1_264' title='bbox 291 1520 335 1554; x_wconf 89' lang='lat' dir='ltr'>idem</span> <span class='ocrx_word' id='word_1_265' title='bbox 352 1519 386 1552; x_wconf 85' lang='lat' dir='ltr'>sere</span> <span class='ocrx_word' id='word_1_266' title='bbox 403 1519 485 1553; x_wconf 79' lang='lat' dir='ltr'>invenisse</span> <span class='ocrx_word' id='word_1_267' title='bbox 502 1519 582 1557; x_wconf 87' lang='lat' dir='ltr'>videatur,</span> <span class='ocrx_word' id='word_1_268' title='bbox 602 1520 646 1565; x_wconf 88' lang='lat' dir='ltr'>quod</span> <span class='ocrx_word' id='word_1_269' title='bbox 663 1521 679 1553; x_wconf 94' lang='lat' dir='ltr'>in</span> <span class='ocrx_word' id='word_1_270' title='bbox 695 1520 753 1554; x_wconf 81' lang='lat' dir='ltr'>ceteris</span> <span class='ocrx_word' id='word_1_271' title='bbox 769 1520 827 1562; x_wconf 85' lang='lat' dir='ltr'>[hlatth.</span> <span class='ocrx_word' id='word_1_272' title='bbox 840 1520 868 1561; x_wconf 85' lang='grc'>27,</span> <span class='ocrx_word' id='word_1_273' title='bbox 881 1531 903 1556; x_wconf 78' lang='lat' dir='ltr'>aa.</span> <span class='ocrx_word' id='word_1_274' title='bbox 921 1522 970 1555; x_wconf 84' lang='lat' dir='ltr'>llare.</span> <span class='ocrx_word' id='word_1_275' title='bbox 984 1521 1012 1559; x_wconf 84' lang='lat'>15,</span> <span class='ocrx_word' id='word_1_276' title='bbox 1024 1532 1046 1558; x_wconf 66' lang='lat' dir='ltr'>st.</span> 
     </span>
     <span class='ocr_line' id='line_1_22' title="bbox 80 1580 1046 1627; baseline -0.001 -8"><span class='ocrx_word' id='word_1_277' title='bbox 80 1585 118 1619; x_wconf 76' lang='lat' dir='ltr'>Lao:</span> <span class='ocrx_word' id='word_1_278' title='bbox 131 1584 162 1624; x_wconf 82' lang='grc'>23,</span> <span class='ocrx_word' id='word_1_279' title='bbox 175 1584 204 1627; x_wconf 74' lang='lat' dir='ltr'>aa.)</span> <span class='ocrx_word' id='word_1_280' title='bbox 217 1584 294 1627; x_wconf 77' lang='lat' dir='ltr'>legimus:</span> <span class='ocrx_word' id='word_1_281' title='bbox 313 1581 371 1625; x_wconf 69' lang='grc' dir='ltr'><em>ἔλαβον</em></span> <span class='ocrx_word' id='word_1_282' title='bbox 387 1581 407 1615; x_wconf 80' lang='grc' dir='ltr'>τὰ</span> <span class='ocrx_word' id='word_1_283' title='bbox 423 1582 478 1625; x_wconf 87' lang='grc' dir='ltr'><em>ίμάτια</em></span> <span class='ocrx_word' id='word_1_284' title='bbox 493 1580 545 1615; x_wconf 77' lang='grc' dir='ltr'><em>αὐτοῦ</em></span> <span class='ocrx_word' id='word_1_285' title='bbox 560 1582 587 1615; x_wconf 85' lang='grc' dir='ltr'>ναί</span> <span class='ocrx_word' id='word_1_286' title='bbox 602 1583 741 1625; x_wconf 76' lang='grc' dir='ltr'><em>διεμερίσαντο</em></span> <span class='ocrx_word' id='word_1_287' title='bbox 756 1583 781 1615; x_wconf 82' lang='grc' dir='ltr'><em>ταί</em></span> <span class='ocrx_word' id='word_1_288' title='bbox 793 1582 822 1616; x_wconf 77' lang='grc' dir='ltr'><em>τὸν</em></span> <span class='ocrx_word' id='word_1_289' title='bbox 834 1585 897 1626; x_wconf 74' lang='grc' dir='ltr'><em>χιτῶνα.</em></span> <span class='ocrx_word' id='word_1_290' title='bbox 923 1584 1046 1623; x_wconf 81' lang='lat' dir='ltr'>Quaternarium</span> 
     </span>
     <span class='ocr_line' id='line_1_23' title="bbox 80 1632 814 1690; baseline -0.003 -8"><span class='ocrx_word' id='word_1_291' title='bbox 80 1649 122 1682; x_wconf 90' lang='lat' dir='ltr'>enim</span> <span class='ocrx_word' id='word_1_292' title='bbox 134 1648 202 1682; x_wconf 87' lang='lat' dir='ltr'>militum</span> <span class='ocrx_word' id='word_1_293' title='bbox 214 1658 300 1680; x_wconf 90' lang='lat' dir='ltr'>numerum</span> <span class='ocrx_word' id='word_1_294' title='bbox 312 1646 326 1681; x_wconf 88' lang='lat' dir='ltr'>si</span> <span class='ocrx_word' id='word_1_295' title='bbox 337 1646 433 1686; x_wconf 72' lang='lat' dir='ltr'>invenisset,</span> <span class='ocrx_word' id='word_1_296' title='bbox 448 1647 474 1680; x_wconf 81' lang='lat' dir='ltr'>rix</span> <span class='ocrx_word' id='word_1_297' title='bbox 487 1645 507 1680; x_wconf 88' lang='lat' dir='ltr'>ab</span> <span class='ocrx_word' id='word_1_298' title='bbox 520 1656 540 1680; x_wconf 86' lang='lat' dir='ltr'>eo</span> <span class='ocrx_word' id='word_1_299' title='bbox 553 1647 645 1680; x_wconf 84' lang='lat' dir='ltr'>enarrando</span> <span class='ocrx_word' id='word_1_300' title='bbox 658 1646 689 1680; x_wconf 88' lang='lat' dir='ltr'>sihi</span> <span class='ocrx_word' id='word_1_301' title='bbox 702 1632 814 1690; x_wconf 76' lang='lat' dir='ltr'>temperasset.</span> 
     </span>
    </p>

    <p class='ocr_par' dir='ltr' id='par_1_8' title="bbox 79 1707 1047 1947">
     <span class='ocr_line' id='line_1_24' title="bbox 124 1707 1047 1755; baseline 0 -11"><span class='ocrx_word' id='word_1_302' title='bbox 124 1710 153 1750; x_wconf 84' lang='grc'>19,</span> <span class='ocrx_word' id='word_1_303' title='bbox 166 1722 184 1747; x_wconf 74' lang='lat' dir='ltr'>as</span> <span class='ocrx_word' id='word_1_304' title='bbox 196 1710 247 1744; x_wconf 84' lang='lat' dir='ltr'>rerba</span> <span class='ocrx_word' id='word_1_305' title='bbox 259 1711 286 1743; x_wconf 78' lang='lat' dir='ltr'>ihu</span> <span class='ocrx_word' id='word_1_306' title='bbox 297 1711 375 1753; x_wconf 68' lang='grc' dir='ltr'><em>τελειωθῇ</em></span> <span class='ocrx_word' id='word_1_307' title='bbox 387 1707 397 1752; x_wconf 85' lang='grc' dir='ltr'><em>ή</em></span> <span class='ocrx_word' id='word_1_308' title='bbox 409 1707 480 1752; x_wconf 82' lang='grc' dir='ltr'><em>γραφή</em></span> <span class='ocrx_word' id='word_1_309' title='bbox 490 1711 523 1754; x_wconf 79' lang='lat' dir='ltr'>J&#39;am</span> <span class='ocrx_word' id='word_1_310' title='bbox 536 1709 556 1743; x_wconf 85' lang='lat' dir='ltr'>ab</span> <span class='ocrx_word' id='word_1_311' title='bbox 569 1710 639 1755; x_wconf 80' lang='lat' dir='ltr'>antiquis</span> <span class='ocrx_word' id='word_1_312' title='bbox 651 1709 766 1753; x_wconf 82' lang='lat' dir='ltr'>interpretibus</span> <span class='ocrx_word' id='word_1_313' title='bbox 778 1710 798 1744; x_wconf 88' lang='lat' dir='ltr'>ad</span> <span class='ocrx_word' id='word_1_314' title='bbox 811 1711 869 1744; x_wconf 87' lang='lat' dir='ltr'>Psalm.</span> <span class='ocrx_word' id='word_1_315' title='bbox 879 1708 908 1751; x_wconf 71' lang='lat'>68,</span> <span class='ocrx_word' id='word_1_316' title='bbox 918 1720 935 1746; x_wconf 74' lang='lat' dir='ltr'>aa</span> <span class='ocrx_word' id='word_1_317' title='bbox 946 1711 973 1744; x_wconf 80' lang='grc' dir='ltr'><em>καί</em></span> <span class='ocrx_word' id='word_1_318' title='bbox 985 1710 1047 1745; x_wconf 68' lang='grc' dir='ltr'><em>ἔθανον</em></span> 
     </span>
     <span class='ocr_line' id='line_1_25' title="bbox 79 1771 1047 1819; baseline 0.001 -11"><span class='ocrx_word' id='word_1_319' title='bbox 79 1776 101 1813; x_wconf 83' lang='grc' dir='ltr'><em>είς</em></span> <span class='ocrx_word' id='word_1_320' title='bbox 113 1774 131 1808; x_wconf 87' lang='grc' dir='ltr'>τὸ</span> <span class='ocrx_word' id='word_1_321' title='bbox 143 1773 202 1818; x_wconf 75' lang='grc' dir='ltr'><em>βρῶμα</em></span> <span class='ocrx_word' id='word_1_322' title='bbox 214 1787 247 1817; x_wconf 84' lang='grc' dir='ltr'><em>μον</em></span> <span class='ocrx_word' id='word_1_323' title='bbox 258 1773 308 1818; x_wconf 76' lang='grc' dir='ltr'><em>χολήν</em></span> <span class='ocrx_word' id='word_1_324' title='bbox 319 1773 345 1806; x_wconf 79' lang='grc' dir='ltr'><em>καί</em></span> <span class='ocrx_word' id='word_1_325' title='bbox 357 1774 380 1811; x_wconf 85' lang='grc' dir='ltr'><em>είς</em></span> <span class='ocrx_word' id='word_1_326' title='bbox 390 1771 421 1815; x_wconf 84' lang='grc' dir='ltr'><em>τήν</em></span> <span class='ocrx_word' id='word_1_327' title='bbox 432 1774 482 1813; x_wconf 74' lang='grc' dir='ltr'><em>δίψαν</em></span> <span class='ocrx_word' id='word_1_328' title='bbox 494 1785 526 1816; x_wconf 88' lang='grc' dir='ltr'><em>μον</em></span> <span class='ocrx_word' id='word_1_329' title='bbox 538 1771 615 1806; x_wconf 64' lang='lat' dir='ltr'>minznan</span> <span class='ocrx_word' id='word_1_330' title='bbox 626 1786 645 1816; x_wconf 86' lang='grc' dir='ltr'><em>με</em></span> <span class='ocrx_word' id='word_1_331' title='bbox 657 1772 695 1813; x_wconf 77' lang='grc' dir='ltr'><em>ὅξος</em></span> <span class='ocrx_word' id='word_1_332' title='bbox 704 1773 754 1806; x_wconf 87' lang='lat' dir='ltr'>relata</span> <span class='ocrx_word' id='word_1_333' title='bbox 763 1784 800 1808; x_wconf 89' lang='lat' dir='ltr'>esse</span> <span class='ocrx_word' id='word_1_334' title='bbox 811 1779 882 1813; x_wconf 80' lang='lat' dir='ltr'>constat,</span> <span class='ocrx_word' id='word_1_335' title='bbox 896 1785 928 1819; x_wconf 90' lang='lat' dir='ltr'>quo</span> <span class='ocrx_word' id='word_1_336' title='bbox 940 1776 986 1819; x_wconf 70' lang='lat' dir='ltr'>jure,</span> <span class='ocrx_word' id='word_1_337' title='bbox 1001 1775 1047 1810; x_wconf 88' lang='lat' dir='ltr'>theo-</span> 
     </span>
     <span class='ocr_line' id='line_1_26' title="bbox 80 1834 1047 1884; baseline 0.002 -13"><span class='ocrx_word' id='word_1_338' title='bbox 80 1834 114 1884; x_wconf 81' lang='lat' dir='ltr'>logi</span> <span class='ocrx_word' id='word_1_339' title='bbox 124 1839 196 1873; x_wconf 88' lang='lat' dir='ltr'>videant.</span> <span class='ocrx_word' id='word_1_340' title='bbox 216 1839 283 1872; x_wconf 77' lang='lat' dir='ltr'>honnus</span> <span class='ocrx_word' id='word_1_341' title='bbox 296 1843 340 1871; x_wconf 85' lang='lat' dir='ltr'>certe</span> <span class='ocrx_word' id='word_1_342' title='bbox 352 1837 390 1870; x_wconf 93' lang='lat' dir='ltr'>nihil</span> <span class='ocrx_word' id='word_1_343' title='bbox 403 1837 423 1871; x_wconf 88' lang='lat' dir='ltr'>de</span> <span class='ocrx_word' id='word_1_344' title='bbox 435 1839 516 1882; x_wconf 85' lang='lat' dir='ltr'>scriptura</span> <span class='ocrx_word' id='word_1_345' title='bbox 528 1847 576 1871; x_wconf 83' lang='lat' dir='ltr'>saera</span> <span class='ocrx_word' id='word_1_346' title='bbox 588 1836 672 1871; x_wconf 85' lang='lat' dir='ltr'>invenerat</span> <span class='ocrx_word' id='word_1_347' title='bbox 684 1836 714 1869; x_wconf 90' lang='lat' dir='ltr'>sed</span> <span class='ocrx_word' id='word_1_348' title='bbox 726 1836 794 1880; x_wconf 76' lang='lat' dir='ltr'>simplex</span> <span class='ocrx_word' id='word_1_349' title='bbox 806 1838 833 1870; x_wconf 85' lang='grc' dir='ltr'>ίνα</span> <span class='ocrx_word' id='word_1_350' title='bbox 844 1839 923 1881; x_wconf 75' lang='grc' dir='ltr'><em>τελειωθῇ</em></span> <span class='ocrx_word' id='word_1_351' title='bbox 935 1844 1007 1872; x_wconf 85' lang='lat' dir='ltr'>naturam</span> <span class='ocrx_word' id='word_1_352' title='bbox 1019 1850 1047 1873; x_wconf 89' lang='lat' dir='ltr'>se-</span> 
     </span>
     <span class='ocr_line' id='line_1_27' title="bbox 80 1890 903 1947; baseline -0.004 -11"><span class='ocrx_word' id='word_1_353' title='bbox 80 1908 125 1936; x_wconf 81' lang='lat' dir='ltr'>cutus</span> <span class='ocrx_word' id='word_1_354' title='bbox 137 1913 207 1947; x_wconf 85' lang='lat' dir='ltr'>prorsus</span> <span class='ocrx_word' id='word_1_355' title='bbox 220 1901 266 1935; x_wconf 91' lang='lat' dir='ltr'>aliter</span> <span class='ocrx_word' id='word_1_356' title='bbox 278 1901 298 1935; x_wconf 90' lang='lat' dir='ltr'>ita</span> <span class='ocrx_word' id='word_1_357' title='bbox 311 1906 336 1935; x_wconf 91' lang='lat' dir='ltr'>est</span> <span class='ocrx_word' id='word_1_358' title='bbox 348 1901 461 1945; x_wconf 87' lang='lat' dir='ltr'>interpretatus</span> <span class='ocrx_word' id='word_1_359' title='bbox 474 1913 489 1935; x_wconf 88' lang='lat' dir='ltr'>v.</span> <span class='ocrx_word' id='word_1_360' title='bbox 503 1910 528 1937; x_wconf 81' lang='lat' dir='ltr'>tto</span> <span class='ocrx_word' id='word_1_361' title='bbox 540 1911 577 1945; x_wconf 91' lang='lat' dir='ltr'>sqq.</span> <span class='ocrx_word' id='word_1_362' title='bbox 900 1890 903 1897; x_wconf 58' lang='lat'><strong><em>¹</em></strong></span> 
     </span>
    </p>

    <p class='ocr_par' dir='ltr' id='par_1_9' title="bbox 369 1961 786 2133">
     <span class='ocr_line' id='line_1_28' title="bbox 369 1961 786 2007; baseline 0 -12"><span class='ocrx_word' id='word_1_363' title='bbox 369 1961 431 2005; x_wconf 81' lang='grc' dir='ltr'><em>Ἰησοῦς</em></span> <span class='ocrx_word' id='word_1_364' title='bbox 443 1962 457 1998; x_wconf 83' lang='lat' dir='ltr'>d&#39;</span> <span class='ocrx_word' id='word_1_365' title='bbox 470 1963 503 2007; x_wconf 85' lang='grc' dir='ltr'><em>ἀμα</em></span> <span class='ocrx_word' id='word_1_366' title='bbox 514 1962 568 1997; x_wconf 82' lang='grc' dir='ltr'><em>αάντα</em></span> <span class='ocrx_word' id='word_1_367' title='bbox 579 1962 715 2006; x_wconf 80' lang='grc' dir='ltr'><em>τιαριαττεάσαντα</em></span> <span class='ocrx_word' id='word_1_368' title='bbox 726 1961 786 2006; x_wconf 85' lang='grc' dir='ltr'><em>νοήσας</em></span> 
     </span>
     <span class='ocr_line' id='line_1_29' title="bbox 372 2025 784 2070; baseline 0.002 -11"><span class='ocrx_word' id='word_1_369' title='bbox 372 2026 406 2059; x_wconf 77' lang='grc' dir='ltr'><em>ὅττι</em></span> <span class='ocrx_word' id='word_1_370' title='bbox 418 2030 463 2066; x_wconf 65' lang='grc' dir='ltr'><em>θοοῖς</em></span> <span class='ocrx_word' id='word_1_371' title='bbox 474 2025 563 2066; x_wconf 77' lang='grc' dir='ltr'><em>τετέλεστο,</em></span> <span class='ocrx_word' id='word_1_372' title='bbox 575 2026 660 2069; x_wconf 73' lang='grc' dir='ltr'><em>θοώτερον</em></span> <span class='ocrx_word' id='word_1_373' title='bbox 671 2025 730 2070; x_wconf 82' lang='grc' dir='ltr'><em>ήθελεν</em></span> <span class='ocrx_word' id='word_1_374' title='bbox 742 2025 784 2060; x_wconf 75' lang='grc' dir='ltr'><em>εἶναι</em></span> 
     </span>
     <span class='ocr_line' id='line_1_30' title="bbox 372 2089 680 2133; baseline 0.003 -11"><span class='ocrx_word' id='word_1_375' title='bbox 372 2089 451 2133; x_wconf 81' lang='grc' dir='ltr'><em>τέρματος</em></span> <span class='ocrx_word' id='word_1_376' title='bbox 464 2089 555 2132; x_wconf 82' lang='grc' dir='ltr'><em>ίσταμένοιο</em></span> <span class='ocrx_word' id='word_1_377' title='bbox 567 2089 585 2124; x_wconf 82' lang='grc' dir='ltr'>τὸ</span> <span class='ocrx_word' id='word_1_378' title='bbox 597 2091 680 2131; x_wconf 76' lang='grc' dir='ltr'><em>λείψανον.</em></span> 
     </span>
    </p>

    <p class='ocr_par' dir='ltr' id='par_1_10' title="bbox 81 2150 1045 2263">
     <span class='ocr_line' id='line_1_31' title="bbox 123 2150 1045 2198; baseline 0 -10"><span class='ocrx_word' id='word_1_379' title='bbox 123 2154 175 2189; x_wconf 87' lang='lat' dir='ltr'>Etiam</span> <span class='ocrx_word' id='word_1_380' title='bbox 187 2155 215 2195; x_wconf 78' lang='lat'>20,</span> <span class='ocrx_word' id='word_1_381' title='bbox 228 2166 237 2191; x_wconf 81' lang='grc' dir='ltr'><em>ο</em></span> <span class='ocrx_word' id='word_1_382' title='bbox 251 2160 312 2188; x_wconf 89' lang='lat' dir='ltr'>tantum</span> <span class='ocrx_word' id='word_1_383' title='bbox 326 2150 390 2186; x_wconf 78' lang='lat' dir='ltr'>ov&#39;de&#39;uco</span> <span class='ocrx_word' id='word_1_384' title='bbox 404 2152 435 2197; x_wconf 86' lang='grc' dir='ltr'>γάρ</span> <span class='ocrx_word' id='word_1_385' title='bbox 450 2153 518 2198; x_wconf 70' lang='grc' dir='ltr'><em>ᾔδεισαν</em></span> <span class='ocrx_word' id='word_1_386' title='bbox 533 2153 588 2188; x_wconf 89' lang='lat' dir='ltr'>hahuit</span> <span class='ocrx_word' id='word_1_387' title='bbox 600 2155 635 2188; x_wconf 86' lang='lat' dir='ltr'>sine</span> <span class='ocrx_word' id='word_1_388' title='bbox 646 2152 677 2197; x_wconf 80' lang='grc' dir='ltr'><em>τὴν</em></span> <span class='ocrx_word' id='word_1_389' title='bbox 689 2151 762 2197; x_wconf 81' lang='grc' dir='ltr'><em>γραφήν,</em></span> <span class='ocrx_word' id='word_1_390' title='bbox 777 2160 794 2188; x_wconf 94' lang='lat' dir='ltr'>ut</span> <span class='ocrx_word' id='word_1_391' title='bbox 806 2165 825 2188; x_wconf 80' lang='lat' dir='ltr'>ex</span> <span class='ocrx_word' id='word_1_392' title='bbox 836 2155 970 2198; x_wconf 80' lang='lat' dir='ltr'>interpretatione</span> <span class='ocrx_word' id='word_1_393' title='bbox 982 2153 1002 2188; x_wconf 82' lang='grc' dir='ltr'>οὐ</span> <span class='ocrx_word' id='word_1_394' title='bbox 1013 2155 1045 2198; x_wconf 87' lang='grc' dir='ltr'>γάρ</span> 
     </span>
     <span class='ocr_line' id='line_1_32' title="bbox 81 2216 567 2263; baseline 0.004 -13"><span class='ocrx_word' id='word_1_395' title='bbox 81 2231 106 2250; x_wconf 82' lang='grc' dir='ltr'><em>τα</em></span> <span class='ocrx_word' id='word_1_396' title='bbox 119 2216 186 2252; x_wconf 63' lang='lat' dir='ltr'>«laddum</span> <span class='ocrx_word' id='word_1_397' title='bbox 198 2223 250 2263; x_wconf 76' lang='lat' dir='ltr'>patet,</span> <span class='ocrx_word' id='word_1_398' title='bbox 263 2229 296 2252; x_wconf 89' lang='lat' dir='ltr'>uon</span> <span class='ocrx_word' id='word_1_399' title='bbox 308 2217 359 2250; x_wconf 87' lang='lat' dir='ltr'>minus</span> <span class='ocrx_word' id='word_1_400' title='bbox 372 2223 424 2256; x_wconf 79' lang='lat' dir='ltr'>reete,</span> <span class='ocrx_word' id='word_1_401' title='bbox 437 2217 450 2250; x_wconf 91' lang='lat' dir='ltr'>si</span> <span class='ocrx_word' id='word_1_402' title='bbox 463 2217 502 2263; x_wconf 90' lang='lat' dir='ltr'>quid</span> <span class='ocrx_word' id='word_1_403' title='bbox 514 2217 567 2252; x_wconf 83' lang='lat' dir='ltr'>rideo.</span> 
     </span>
    </p>

    <p class='ocr_par' dir='ltr' id='par_1_11' title="bbox 79 2280 1044 2642">
     <span class='ocr_line' id='line_1_33' title="bbox 109 2280 1044 2327; baseline 0.002 -14"><span class='ocrx_word' id='word_1_404' title='bbox 109 2309 110 2313; x_wconf 73' lang='grc'>,</span> <span class='ocrx_word' id='word_1_405' title='bbox 124 2284 193 2316; x_wconf 79' lang='lat' dir='ltr'>Versum</span> <span class='ocrx_word' id='word_1_406' title='bbox 206 2280 234 2322; x_wconf 78' lang='lat' dir='ltr'>tt,</span> <span class='ocrx_word' id='word_1_407' title='bbox 248 2291 265 2317; x_wconf 79' lang='lat'>³5</span> <span class='ocrx_word' id='word_1_408' title='bbox 277 2287 331 2315; x_wconf 87' lang='lat' dir='ltr'>utrum</span> <span class='ocrx_word' id='word_1_409' title='bbox 346 2286 378 2313; x_wconf 85' lang='lat' dir='ltr'>tam</span> <span class='ocrx_word' id='word_1_410' title='bbox 394 2280 505 2315; x_wconf 77' lang='lat' dir='ltr'>abundantem</span> <span class='ocrx_word' id='word_1_411' title='bbox 520 2281 604 2325; x_wconf 84' lang='lat' dir='ltr'>scripserit</span> <span class='ocrx_word' id='word_1_412' title='bbox 617 2280 717 2326; x_wconf 81' lang='lat' dir='ltr'>evangelista</span> <span class='ocrx_word' id='word_1_413' title='bbox 730 2291 791 2319; x_wconf 82' lang='lat' dir='ltr'>necne,</span> <span class='ocrx_word' id='word_1_414' title='bbox 807 2280 880 2315; x_wconf 85' lang='lat' dir='ltr'>hodierni</span> <span class='ocrx_word' id='word_1_415' title='bbox 895 2283 992 2327; x_wconf 85' lang='lat' dir='ltr'>interpretes</span> <span class='ocrx_word' id='word_1_416' title='bbox 1008 2293 1044 2316; x_wconf 88' lang='lat' dir='ltr'>cer-</span> 
     </span>
     <span class='ocr_line' id='line_1_34' title="bbox 80 2343 610 2390; baseline 0 -13"><span class='ocrx_word' id='word_1_417' title='bbox 80 2350 119 2378; x_wconf 88' lang='lat' dir='ltr'>tant.</span> <span class='ocrx_word' id='word_1_418' title='bbox 142 2344 209 2378; x_wconf 84' lang='lat' dir='ltr'>Nonnus</span> <span class='ocrx_word' id='word_1_419' title='bbox 221 2344 288 2390; x_wconf 88' lang='lat' dir='ltr'>quidem</span> <span class='ocrx_word' id='word_1_420' title='bbox 300 2354 338 2378; x_wconf 83' lang='lat' dir='ltr'>oum</span> <span class='ocrx_word' id='word_1_421' title='bbox 349 2343 392 2376; x_wconf 85' lang='lat' dir='ltr'>hano</span> <span class='ocrx_word' id='word_1_422' title='bbox 404 2344 511 2388; x_wconf 75' lang='lat' dir='ltr'>paraphrasin</span> <span class='ocrx_word' id='word_1_423' title='bbox 524 2344 594 2378; x_wconf 88' lang='lat' dir='ltr'>dederit:</span> <span class='ocrx_word' id='word_1_424' title='bbox 606 2374 610 2377; x_wconf 86' lang='lat'><em>.</em></span> 
     </span>
     <span class='ocr_line' id='line_1_35' title="bbox 349 2404 760 2454; baseline 0.005 -16"><span class='ocrx_word' id='word_1_425' title='bbox 349 2404 391 2449; x_wconf 76' lang='grc' dir='ltr'><em>ἀνὴρ</em></span> <span class='ocrx_word' id='word_1_426' title='bbox 404 2404 418 2438; x_wconf 72' lang='grc' dir='ltr'>δ’</span> <span class='ocrx_word' id='word_1_427' title='bbox 431 2406 474 2447; x_wconf 82' lang='grc' dir='ltr'><em>ὅστις</em></span> <span class='ocrx_word' id='word_1_428' title='bbox 487 2406 560 2445; x_wconf 72' lang='grc' dir='ltr'><em>ὄπωπεν,</em></span> <span class='ocrx_word' id='word_1_429' title='bbox 572 2407 593 2454; x_wconf 76' lang='grc' dir='ltr'>ἑῷ</span> <span class='ocrx_word' id='word_1_430' title='bbox 605 2405 696 2441; x_wconf 67' lang='lat' dir='ltr'>utereturne</span> <span class='ocrx_word' id='word_1_431' title='bbox 708 2405 760 2453; x_wconf 78' lang='grc' dir='ltr'><em>μάθηε</em></span> 
     </span>
     <span class='ocr_line' id='line_1_36' title="bbox 347 2468 781 2514; baseline 0.007 -12"><span class='ocrx_word' id='word_1_432' title='bbox 347 2470 439 2512; x_wconf 84' lang='grc' dir='ltr'><em>μαρτνρίην</em></span> <span class='ocrx_word' id='word_1_433' title='bbox 450 2468 543 2503; x_wconf 86' lang='grc' dir='ltr'><em>ἀτίναιιτον’</em></span> <span class='ocrx_word' id='word_1_434' title='bbox 556 2469 659 2514; x_wconf 83' lang='grc' dir='ltr'><em>ἀριστονόοιο</em></span> <span class='ocrx_word' id='word_1_435' title='bbox 671 2469 689 2504; x_wconf 76' lang='grc' dir='ltr'>δὲ</span> <span class='ocrx_word' id='word_1_436' title='bbox 700 2472 755 2504; x_wconf 67' lang='lat' dir='ltr'>autnon</span> <span class='ocrx_word' id='word_1_437' title='bbox 779 2503 781 2506; x_wconf 86' lang='lat'>.</span> 
     </span>
     <span class='ocr_line' id='line_1_37' title="bbox 345 2531 752 2577; baseline 0.002 -11"><span class='ocrx_word' id='word_1_438' title='bbox 345 2534 393 2575; x_wconf 75' lang='grc' dir='ltr'><em>’ίδμεν</em></span> <span class='ocrx_word' id='word_1_439' title='bbox 405 2531 429 2566; x_wconf 78' lang='grc' dir='ltr'>ὅτι</span> <span class='ocrx_word' id='word_1_440' title='bbox 441 2533 490 2577; x_wconf 81' lang='grc' dir='ltr'><em>ζαθίη</em></span> <span class='ocrx_word' id='word_1_441' title='bbox 502 2533 528 2566; x_wconf 83' lang='grc' dir='ltr'><em>ναὶ</em></span> <span class='ocrx_word' id='word_1_442' title='bbox 540 2532 618 2577; x_wconf 77' lang='grc' dir='ltr'><em>ἐτήτυμος</em></span> <span class='ocrx_word' id='word_1_443' title='bbox 630 2534 686 2568; x_wconf 74' lang='grc' dir='ltr'><em>ίαλετο</em></span> <span class='ocrx_word' id='word_1_444' title='bbox 698 2532 752 2577; x_wconf 80' lang='grc' dir='ltr'><em>φωνή,</em></span> 
     </span>
     <span class='ocr_line' id='line_1_38' title="bbox 79 2597 1043 2642; baseline -0.001 -11"><span class='ocrx_word' id='word_1_445' title='bbox 79 2598 128 2632; x_wconf 86' lang='lat' dir='ltr'>nostri</span> <span class='ocrx_word' id='word_1_446' title='bbox 141 2607 200 2631; x_wconf 81' lang='lat' dir='ltr'>uersus</span> <span class='ocrx_word' id='word_1_447' title='bbox 211 2597 282 2642; x_wconf 90' lang='lat' dir='ltr'>primum</span> <span class='ocrx_word' id='word_1_448' title='bbox 298 2602 357 2631; x_wconf 89' lang='lat' dir='ltr'>tautum</span> <span class='ocrx_word' id='word_1_449' title='bbox 374 2597 465 2631; x_wconf 89' lang='lat' dir='ltr'>membrum</span> <span class='ocrx_word' id='word_1_450' title='bbox 477 2597 539 2638; x_wconf 80' lang='lat' dir='ltr'>hahuit,</span> <span class='ocrx_word' id='word_1_451' title='bbox 555 2599 580 2631; x_wconf 84' lang='lat' dir='ltr'>eui</span> <span class='ocrx_word' id='word_1_452' title='bbox 592 2609 613 2632; x_wconf 79' lang='lat' dir='ltr'>en</span> <span class='ocrx_word' id='word_1_453' title='bbox 625 2598 654 2638; x_wconf 85' lang='lat'>21,</span> <span class='ocrx_word' id='word_1_454' title='bbox 667 2608 685 2634; x_wconf 73' lang='lat' dir='ltr'>ot</span> <span class='ocrx_word' id='word_1_455' title='bbox 697 2597 779 2641; x_wconf 88' lang='lat' dir='ltr'>posterior</span> <span class='ocrx_word' id='word_1_456' title='bbox 794 2608 832 2642; x_wconf 85' lang='lat' dir='ltr'>pars</span> <span class='ocrx_word' id='word_1_457' title='bbox 848 2597 922 2632; x_wconf 80' lang='lat' dir='ltr'>adhaesit</span> <span class='ocrx_word' id='word_1_458' title='bbox 936 2597 968 2631; x_wconf 86' lang='lat' dir='ltr'>hou</span> <span class='ocrx_word' id='word_1_459' title='bbox 984 2597 1043 2631; x_wconf 77' lang='lat' dir='ltr'>morlo:</span> 
     </span>
    </p>
   </div>
   <div class='ocr_carea' id='block_1_5' title="bbox 0 0 1104 2995">
    <p class='ocr_par' dir='ltr' id='par_1_12' title="bbox 0 0 1104 2995">
     <span class='ocr_line' id='line_1_39' title="bbox 0 0 1104 2995; baseline 0 0"><span class='ocrx_word' id='word_1_460' title='bbox 0 0 1104 2995; x_wconf 95' lang='lat' dir='ltr'> </span> 
     </span>
    </p>
   </div>
  </div>
 </body>
</html>
