<?xml version="1.0" encoding="UTF-8"?>
<!DOCTYPE html PUBLIC "-//W3C//DTD XHTML 1.0 Transitional//EN"
    "http://www.w3.org/TR/xhtml1/DTD/xhtml1-transitional.dtd">
<html xmlns="http://www.w3.org/1999/xhtml" xml:lang="en" lang="en">
 <head>
  <title>
</title>
<meta http-equiv="Content-Type" content="text/html;charset=utf-8" />
  <meta name='ocr-system' content='tesseract 3.04.00' />
  <meta name='ocr-capabilities' content='ocr_page ocr_carea ocr_par ocr_line ocrx_word'/>
</head>
<body>
  <div class='ocr_page' id='page_1' title='image "./MN41467ucmf_0_0044.png"; bbox 0 0 2194 2995; ppageno 0'>
   <div class='ocr_carea' id='block_1_1' title="bbox 513 215 680 274">
    <p class='ocr_par' dir='ltr' id='par_1_1' title="bbox 513 215 680 274">
     <span class='ocr_line' id='line_1_1' title="bbox 513 215 680 274; baseline 0.006 -1"><span class='ocrx_word' id='word_1_1' title='bbox 513 233 579 274; x_wconf 53' lang='grc' dir='ltr'>ῳἰε</span> <span class='ocrx_word' id='word_1_2' title='bbox 603 259 623 265; x_wconf 88' lang='grc'><strong>-</strong></span> <span class='ocrx_word' id='word_1_3' title='bbox 674 215 680 248; x_wconf 63' lang='lat'><em>5</em></span> 
     </span>
    </p>
   </div>
   <div class='ocr_carea' id='block_1_2' title="bbox 49 339 1053 2096">
    <p class='ocr_par' dir='ltr' id='par_1_2' title="bbox 49 339 1053 2096">
     <span class='ocr_line' id='line_1_2' title="bbox 86 339 1049 386; baseline 0 -11"><span class='ocrx_word' id='word_1_4' title='bbox 86 339 168 386; x_wconf 78' lang='grc' dir='ltr'><em>ἀπεκρίθη</em></span> <span class='ocrx_word' id='word_1_5' title='bbox 174 339 237 384; x_wconf 73' lang='grc' dir='ltr'><em>Ἰησοῦς</em></span> <span class='ocrx_word' id='word_1_6' title='bbox 244 339 283 384; x_wconf 83' lang='grc' dir='ltr'>Ἐγύ</span> <span class='ocrx_word' id='word_1_7' title='bbox 296 341 332 383; x_wconf 85' lang='grc' dir='ltr'><em>ιίμι.</em></span> <span class='ocrx_word' id='word_1_8' title='bbox 348 340 393 375; x_wconf 85' lang='lat' dir='ltr'>Ferri</span> <span class='ocrx_word' id='word_1_9' title='bbox 405 351 457 386; x_wconf 89' lang='lat' dir='ltr'>posse</span> <span class='ocrx_word' id='word_1_10' title='bbox 469 340 516 375; x_wconf 89' lang='lat' dir='ltr'>etiam</span> <span class='ocrx_word' id='word_1_11' title='bbox 528 339 570 374; x_wconf 84' lang='lat' dir='ltr'>hane</span> <span class='ocrx_word' id='word_1_12' title='bbox 581 339 691 374; x_wconf 74' lang='lat' dir='ltr'><strong>narrationem</strong></span> <span class='ocrx_word' id='word_1_13' title='bbox 701 350 734 374; x_wconf 92' lang='lat' dir='ltr'>non</span> <span class='ocrx_word' id='word_1_14' title='bbox 744 340 822 385; x_wconf 89' lang='lat' dir='ltr'>estquod</span> <span class='ocrx_word' id='word_1_15' title='bbox 833 340 906 376; x_wconf 81' lang='lat' dir='ltr'><strong>dubites:</strong></span> <span class='ocrx_word' id='word_1_16' title='bbox 918 340 986 375; x_wconf 81' lang='lat' dir='ltr'>simulac</span> <span class='ocrx_word' id='word_1_17' title='bbox 993 342 1049 383; x_wconf 78' lang='lat' dir='ltr'>lesus,</span> 
     </span>
     <span class='ocr_line' id='line_1_3' title="bbox 49 402 1007 452; baseline -0.002 -12"><span class='ocrx_word' id='word_1_18' title='bbox 49 402 50 405; x_wconf 61' lang='grc'>’</span> <span class='ocrx_word' id='word_1_19' title='bbox 87 416 136 452; x_wconf 91' lang='lat' dir='ltr'>quem</span> <span class='ocrx_word' id='word_1_20' title='bbox 149 410 236 451; x_wconf 69' lang='lat' dir='ltr'>quaerant,</span> <span class='ocrx_word' id='word_1_21' title='bbox 249 415 278 438; x_wconf 91' lang='lat' dir='ltr'>eos</span> <span class='ocrx_word' id='word_1_22' title='bbox 290 404 401 449; x_wconf 81' lang='lat' dir='ltr'>interrogavit,</span> <span class='ocrx_word' id='word_1_23' title='bbox 416 403 500 438; x_wconf 86' lang='lat' dir='ltr'>nominare</span> <span class='ocrx_word' id='word_1_24' title='bbox 513 403 578 450; x_wconf 89' lang='lat' dir='ltr'>quidem</span> <span class='ocrx_word' id='word_1_25' title='bbox 593 404 673 438; x_wconf 88' lang='lat' dir='ltr'>sustinent</span> <span class='ocrx_word' id='word_1_26' title='bbox 684 403 715 437; x_wconf 90' lang='lat' dir='ltr'>sed</span> <span class='ocrx_word' id='word_1_27' title='bbox 727 408 760 437; x_wconf 89' lang='lat' dir='ltr'>tum</span> <span class='ocrx_word' id='word_1_28' title='bbox 772 404 824 437; x_wconf 82' lang='lat' dir='ltr'>statim</span> <span class='ocrx_word' id='word_1_29' title='bbox 836 404 880 450; x_wconf 73' lang='lat' dir='ltr'>humi</span> <span class='ocrx_word' id='word_1_30' title='bbox 892 403 1007 449; x_wconf 82' lang='lat' dir='ltr'>procumbunt.</span> 
     </span>
     <span class='ocr_line' id='line_1_4' title="bbox 129 458 1051 512; baseline 0.001 -11"><span class='ocrx_word' id='word_1_31' title='bbox 129 468 165 501; x_wconf 87' lang='lat' dir='ltr'>lam</span> <span class='ocrx_word' id='word_1_32' title='bbox 176 458 216 502; x_wconf 88' lang='lat' dir='ltr'>vero</span> <span class='ocrx_word' id='word_1_33' title='bbox 233 467 254 501; x_wconf 92' lang='lat' dir='ltr'>ad</span> <span class='ocrx_word' id='word_1_34' title='bbox 268 478 298 501; x_wconf 91' lang='lat' dir='ltr'>eos</span> <span class='ocrx_word' id='word_1_35' title='bbox 313 466 359 501; x_wconf 70' lang='lat' dir='ltr'>locos</span> <span class='ocrx_word' id='word_1_36' title='bbox 374 467 450 511; x_wconf 76' lang='lat' dir='ltr'>perveni,</span> <span class='ocrx_word' id='word_1_37' title='bbox 466 467 483 500; x_wconf 92' lang='lat' dir='ltr'>in</span> <span class='ocrx_word' id='word_1_38' title='bbox 497 467 557 512; x_wconf 87' lang='lat' dir='ltr'>quihus</span> <span class='ocrx_word' id='word_1_39' title='bbox 574 478 628 512; x_wconf 88' lang='lat' dir='ltr'>paene</span> <span class='ocrx_word' id='word_1_40' title='bbox 643 477 702 501; x_wconf 87' lang='lat' dir='ltr'>vereor</span> <span class='ocrx_word' id='word_1_41' title='bbox 721 478 742 501; x_wconf 89' lang='lat' dir='ltr'>ne</span> <span class='ocrx_word' id='word_1_42' title='bbox 756 467 772 500; x_wconf 95' lang='lat' dir='ltr'>in</span> <span class='ocrx_word' id='word_1_43' title='bbox 786 468 880 502; x_wconf 88' lang='lat' dir='ltr'>temeritatis</span> <span class='ocrx_word' id='word_1_44' title='bbox 895 468 956 502; x_wconf 82' lang='lat' dir='ltr'>crimen</span> <span class='ocrx_word' id='word_1_45' title='bbox 969 468 1051 502; x_wconf 80' lang='lat' dir='ltr'>incurram</span> 
     </span>
     <span class='ocr_line' id='line_1_5' title="bbox 86 529 1050 576; baseline 0 -11"><span class='ocrx_word' id='word_1_46' title='bbox 86 532 100 565; x_wconf 96' lang='lat' dir='ltr'>si</span> <span class='ocrx_word' id='word_1_47' title='bbox 106 531 159 565; x_wconf 88' lang='lat' dir='ltr'>Nenni</span> <span class='ocrx_word' id='word_1_48' title='bbox 165 531 253 565; x_wconf 87' lang='lat' dir='ltr'>lectionem</span> <span class='ocrx_word' id='word_1_49' title='bbox 259 531 302 565; x_wconf 87' lang='lat' dir='ltr'>adeo</span> <span class='ocrx_word' id='word_1_50' title='bbox 309 532 422 575; x_wconf 85' lang='lat' dir='ltr'>conjectura</span> <span class='ocrx_word' id='word_1_51' title='bbox 432 531 554 574; x_wconf 85' lang='lat' dir='ltr'>investigare</span> <span class='ocrx_word' id='word_1_52' title='bbox 563 536 579 564; x_wconf 88' lang='lat' dir='ltr'>et</span> <span class='ocrx_word' id='word_1_53' title='bbox 589 530 670 565; x_wconf 90' lang='lat' dir='ltr'>interdum</span> <span class='ocrx_word' id='word_1_54' title='bbox 677 541 697 564; x_wconf 89' lang='lat' dir='ltr'>ea</span> <span class='ocrx_word' id='word_1_55' title='bbox 704 541 753 576; x_wconf 91' lang='lat' dir='ltr'>quam</span> <span class='ocrx_word' id='word_1_56' title='bbox 759 529 808 564; x_wconf 87' lang='lat' dir='ltr'>hodie</span> <span class='ocrx_word' id='word_1_57' title='bbox 814 529 894 565; x_wconf 85' lang='lat' dir='ltr'>hahemus</span> <span class='ocrx_word' id='word_1_58' title='bbox 901 531 1004 576; x_wconf 89' lang='lat' dir='ltr'>superiorem</span> <span class='ocrx_word' id='word_1_59' title='bbox 1012 540 1050 571; x_wconf 87' lang='lat' dir='ltr'>esse</span> 
     </span>
     <span class='ocr_line' id='line_1_6' title="bbox 84 592 1050 638; baseline 0.001 -10"><span class='ocrx_word' id='word_1_60' title='bbox 84 594 148 629; x_wconf 83' lang='lat' dir='ltr'>scilieet</span> <span class='ocrx_word' id='word_1_61' title='bbox 164 595 230 629; x_wconf 84' lang='lat' dir='ltr'>criticus</span> <span class='ocrx_word' id='word_1_62' title='bbox 247 592 337 638; x_wconf 81' lang='grc' dir='ltr'><em>ἀθεύλογος</em></span> <span class='ocrx_word' id='word_1_63' title='bbox 351 594 465 629; x_wconf 87' lang='lat' dir='ltr'>demonstrare</span> <span class='ocrx_word' id='word_1_64' title='bbox 480 595 564 629; x_wconf 78' lang='lat' dir='ltr'>studuero.</span> <span class='ocrx_word' id='word_1_65' title='bbox 587 595 648 629; x_wconf 87' lang='lat' dir='ltr'>Herum</span> <span class='ocrx_word' id='word_1_66' title='bbox 664 593 738 628; x_wconf 88' lang='lat' dir='ltr'>locorum</span> <span class='ocrx_word' id='word_1_67' title='bbox 754 593 770 628; x_wconf 85' lang='lat' dir='ltr'>in</span> <span class='ocrx_word' id='word_1_68' title='bbox 784 604 869 627; x_wconf 90' lang='lat' dir='ltr'>numerum</span> <span class='ocrx_word' id='word_1_69' title='bbox 883 594 953 638; x_wconf 86' lang='lat' dir='ltr'>primum</span> <span class='ocrx_word' id='word_1_70' title='bbox 967 594 1050 629; x_wconf 76' lang='lat' dir='ltr'>retulerim</span> 
     </span>
     <span class='ocr_line' id='line_1_7' title="bbox 84 653 1053 704; baseline 0.001 -12"><span class='ocrx_word' id='word_1_71' title='bbox 84 658 128 700; x_wconf 85' lang='lat'><strong>5,1‚</strong></span> <span class='ocrx_word' id='word_1_72' title='bbox 142 658 171 692; x_wconf 87' lang='lat' dir='ltr'>ubi</span> <span class='ocrx_word' id='word_1_73' title='bbox 181 658 232 692; x_wconf 84' lang='lat' dir='ltr'>hodie</span> <span class='ocrx_word' id='word_1_74' title='bbox 245 658 322 704; x_wconf 83' lang='lat' dir='ltr'>legimus:</span> <span class='ocrx_word' id='word_1_75' title='bbox 334 655 382 691; x_wconf 72' lang='lat' dir='ltr'>Med</span> <span class='ocrx_word' id='word_1_76' title='bbox 393 659 446 691; x_wconf 86' lang='grc' dir='ltr'><em>ταῦτα</em></span> <span class='ocrx_word' id='word_1_77' title='bbox 457 653 478 701; x_wconf 78' lang='grc' dir='ltr'><em>ἦν</em></span> <span class='ocrx_word' id='word_1_78' title='bbox 490 656 537 700; x_wconf 83' lang='grc' dir='ltr'><em>έορτῆ</em></span> <span class='ocrx_word' id='word_1_79' title='bbox 548 659 580 690; x_wconf 81' lang='grc' dir='ltr'><em>τιῦν</em></span> <span class='ocrx_word' id='word_1_80' title='bbox 590 655 678 699; x_wconf 72' lang='grc' dir='ltr'><em>Ἰουδαίων,</em></span> <span class='ocrx_word' id='word_1_81' title='bbox 690 657 718 690; x_wconf 81' lang='grc' dir='ltr'><em>καί</em></span> <span class='ocrx_word' id='word_1_82' title='bbox 729 654 779 700; x_wconf 97' lang='grc' dir='ltr'><em>ἀνέβη</em></span> <span class='ocrx_word' id='word_1_83' title='bbox 789 655 851 700; x_wconf 80' lang='grc' dir='ltr'><em>Ἰησοῦς</em></span> <span class='ocrx_word' id='word_1_84' title='bbox 862 658 884 696; x_wconf 88' lang='grc' dir='ltr'>είς</span> <span class='ocrx_word' id='word_1_85' title='bbox 894 655 1002 701; x_wconf 74' lang='grc' dir='ltr'><em>Ἱεροσόλυμα.</em></span> <span class='ocrx_word' id='word_1_86' title='bbox 1016 659 1053 693; x_wconf 87' lang='lat' dir='ltr'>Sed.</span> 
     </span>
     <span class='ocr_line' id='line_1_8' title="bbox 58 721 1050 767; baseline 0.001 -12"><span class='ocrx_word' id='word_1_87' title='bbox 58 742 60 745; x_wconf 96' lang='lat'>-</span> <span class='ocrx_word' id='word_1_88' title='bbox 84 722 128 767; x_wconf 90' lang='lat' dir='ltr'>prius</span> <span class='ocrx_word' id='word_1_89' title='bbox 139 721 233 756; x_wconf 88' lang='lat' dir='ltr'>membrum</span> <span class='ocrx_word' id='word_1_90' title='bbox 244 732 255 755; x_wconf 85' lang='lat' dir='ltr'>a</span> <span class='ocrx_word' id='word_1_91' title='bbox 266 723 323 756; x_wconf 87' lang='lat' dir='ltr'>Nonne</span> <span class='ocrx_word' id='word_1_92' title='bbox 335 721 395 755; x_wconf 84' lang='lat' dir='ltr'>lectum</span> <span class='ocrx_word' id='word_1_93' title='bbox 407 733 440 756; x_wconf 87' lang='lat' dir='ltr'>nun</span> <span class='ocrx_word' id='word_1_94' title='bbox 453 732 491 756; x_wconf 93' lang='lat' dir='ltr'>esse</span> <span class='ocrx_word' id='word_1_95' title='bbox 502 721 607 766; x_wconf 78' lang='lat' dir='ltr'>paraphrasis</span> <span class='ocrx_word' id='word_1_96' title='bbox 618 722 654 766; x_wconf 87' lang='lat' dir='ltr'>ipsa</span> <span class='ocrx_word' id='word_1_97' title='bbox 666 721 727 765; x_wconf 78' lang='lat' dir='ltr'>prodit,</span> <span class='ocrx_word' id='word_1_98' title='bbox 740 721 799 755; x_wconf 81' lang='lat' dir='ltr'>cuivix</span> <span class='ocrx_word' id='word_1_99' title='bbox 811 726 849 765; x_wconf 90' lang='lat' dir='ltr'>apte</span> <span class='ocrx_word' id='word_1_100' title='bbox 860 732 898 755; x_wconf 83' lang='lat' dir='ltr'>eum</span> <span class='ocrx_word' id='word_1_101' title='bbox 905 722 978 756; x_wconf 88' lang='lat' dir='ltr'>Nansio</span> <span class='ocrx_word' id='word_1_102' title='bbox 989 722 1050 756; x_wconf 85' lang='lat' dir='ltr'>mentio</span> 
     </span>
     <span class='ocr_line' id='line_1_9' title="bbox 83 784 1050 830; baseline 0 -11"><span class='ocrx_word' id='word_1_103' title='bbox 83 785 119 820; x_wconf 90' lang='lat' dir='ltr'>festi</span> <span class='ocrx_word' id='word_1_104' title='bbox 131 785 247 829; x_wconf 67' lang='lat' dir='ltr'>praemittitur,</span> <span class='ocrx_word' id='word_1_105' title='bbox 264 785 309 830; x_wconf 87' lang='lat' dir='ltr'>quod</span> <span class='ocrx_word' id='word_1_106' title='bbox 321 785 369 830; x_wconf 91' lang='lat' dir='ltr'>quale</span> <span class='ocrx_word' id='word_1_107' title='bbox 381 786 436 826; x_wconf 69' lang='lat' dir='ltr'>fuerit,</span> <span class='ocrx_word' id='word_1_108' title='bbox 455 786 487 830; x_wconf 81' lang='lat' dir='ltr'>jam</span> <span class='ocrx_word' id='word_1_109' title='bbox 499 785 560 830; x_wconf 86' lang='lat' dir='ltr'>antiqui</span> <span class='ocrx_word' id='word_1_110' title='bbox 571 785 668 829; x_wconf 73' lang='lat' dir='ltr'>interpretes</span> <span class='ocrx_word' id='word_1_111' title='bbox 680 784 797 818; x_wconf 87' lang='lat' dir='ltr'>dissenserunt.</span> <span class='ocrx_word' id='word_1_112' title='bbox 820 784 899 830; x_wconf 87' lang='lat' dir='ltr'>Equidem</span> <span class='ocrx_word' id='word_1_113' title='bbox 911 786 964 820; x_wconf 85' lang='lat' dir='ltr'>Nenni</span> <span class='ocrx_word' id='word_1_114' title='bbox 976 785 1050 820; x_wconf 82' lang='lat' dir='ltr'>codicem</span> 
     </span>
     <span class='ocr_line' id='line_1_10' title="bbox 84 847 1050 894; baseline -0.001 -12"><span class='ocrx_word' id='word_1_115' title='bbox 84 848 206 894; x_wconf 83' lang='lat' dir='ltr'>aglossemate</span> <span class='ocrx_word' id='word_1_116' title='bbox 220 848 289 882; x_wconf 89' lang='lat' dir='ltr'>liberum</span> <span class='ocrx_word' id='word_1_117' title='bbox 304 859 342 882; x_wconf 91' lang='lat' dir='ltr'>esse</span> <span class='ocrx_word' id='word_1_118' title='bbox 354 848 437 889; x_wconf 84' lang='lat' dir='ltr'>existimo,</span> <span class='ocrx_word' id='word_1_119' title='bbox 456 849 500 894; x_wconf 93' lang='lat' dir='ltr'>quod</span> <span class='ocrx_word' id='word_1_120' title='bbox 514 854 533 882; x_wconf 91' lang='lat' dir='ltr'>ut</span> <span class='ocrx_word' id='word_1_121' title='bbox 546 848 634 882; x_wconf 88' lang='lat' dir='ltr'>adderetur</span> <span class='ocrx_word' id='word_1_122' title='bbox 647 853 684 892; x_wconf 88' lang='lat' dir='ltr'>pest</span> <span class='ocrx_word' id='word_1_123' title='bbox 699 848 824 882; x_wconf 82' lang='lat' dir='ltr'>antecedentem</span> <span class='ocrx_word' id='word_1_124' title='bbox 839 859 904 882; x_wconf 83' lang='lat' dir='ltr'>versum</span> <span class='ocrx_word' id='word_1_125' title='bbox 923 851 987 882; x_wconf 80' lang='grc' dir='ltr'><em>Τοῦτο</em></span> <span class='ocrx_word' id='word_1_126' title='bbox 1001 847 1050 882; x_wconf 72' lang='grc' dir='ltr'><em>πάλιν</em></span> 
     </span>
     <span class='ocr_line' id='line_1_11' title="bbox 83 908 1049 955; baseline 0.004 -10"><span class='ocrx_word' id='word_1_127' title='bbox 83 909 178 954; x_wconf 86' lang='grc' dir='ltr'><em>δεύτερον</em></span> <span class='ocrx_word' id='word_1_128' title='bbox 191 915 257 955; x_wconf 82' lang='grc' dir='ltr'><em>σημεῖον</em></span> <span class='ocrx_word' id='word_1_129' title='bbox 269 910 344 954; x_wconf 79' lang='grc' dir='ltr'><em>ἐποίησεν</em></span> <span class='ocrx_word' id='word_1_130' title='bbox 356 910 365 944; x_wconf 86' lang='grc' dir='ltr'>ὁ</span> <span class='ocrx_word' id='word_1_131' title='bbox 375 909 437 955; x_wconf 80' lang='grc' dir='ltr'><em>Ἰησοῦς</em></span> <span class='ocrx_word' id='word_1_132' title='bbox 450 910 503 945; x_wconf 79' lang='grc' dir='ltr'><em>έλθιέν</em></span> <span class='ocrx_word' id='word_1_133' title='bbox 511 910 534 949; x_wconf 66' lang='grc' dir='ltr'>,ἐκ</span> <span class='ocrx_word' id='word_1_134' title='bbox 547 912 575 954; x_wconf 82' lang='grc' dir='ltr'>τῆς</span> <span class='ocrx_word' id='word_1_135' title='bbox 585 908 664 950; x_wconf 83' lang='grc' dir='ltr'><em>Ἰουδαίας</em></span> <span class='ocrx_word' id='word_1_136' title='bbox 675 911 698 949; x_wconf 86' lang='grc' dir='ltr'>είς</span> <span class='ocrx_word' id='word_1_137' title='bbox 710 909 741 953; x_wconf 77' lang='grc' dir='ltr'><em>τὴν</em></span> <span class='ocrx_word' id='word_1_138' title='bbox 752 911 849 952; x_wconf 74' lang='grc' dir='ltr'><em>Γαλιλαίαν,</em></span> <span class='ocrx_word' id='word_1_139' title='bbox 867 912 883 946; x_wconf 86' lang='lat' dir='ltr'>in</span> <span class='ocrx_word' id='word_1_140' title='bbox 897 923 948 947; x_wconf 79' lang='lat' dir='ltr'>eausa</span> <span class='ocrx_word' id='word_1_141' title='bbox 961 913 989 946; x_wconf 81' lang='lat' dir='ltr'>fuit</span> <span class='ocrx_word' id='word_1_142' title='bbox 1003 912 1020 954; x_wconf 77' lang='grc'>2,</span> <span class='ocrx_word' id='word_1_143' title='bbox 1033 923 1049 949; x_wconf 86' lang='lat'>11</span> 
     </span>
     <span class='ocr_line' id='line_1_12' title="bbox 83 963 1050 1020; baseline 0 -10"><span class='ocrx_word' id='word_1_144' title='bbox 83 981 99 1010; x_wconf 87' lang='lat' dir='ltr'>et</span> <span class='ocrx_word' id='word_1_145' title='bbox 111 986 134 1017; x_wconf 71' lang='lat' dir='ltr'>ra,</span> <span class='ocrx_word' id='word_1_146' title='bbox 146 975 175 1009; x_wconf 87' lang='lat' dir='ltr'>ubi</span> <span class='ocrx_word' id='word_1_147' title='bbox 187 981 225 1020; x_wconf 90' lang='lat' dir='ltr'>pest</span> <span class='ocrx_word' id='word_1_148' title='bbox 237 976 264 1009; x_wconf 86' lang='lat' dir='ltr'>illa</span> <span class='ocrx_word' id='word_1_149' title='bbox 278 973 357 1018; x_wconf 88' lang='grc' dir='ltr'><em>Ταύτην</em></span> <span class='ocrx_word' id='word_1_150' title='bbox 373 974 448 1018; x_wconf 77' lang='grc' dir='ltr'><em>ἐποίησεν</em></span> <span class='ocrx_word' id='word_1_151' title='bbox 462 973 529 1017; x_wconf 80' lang='grc' dir='ltr'><em>ἀρχὴν</em></span> <span class='ocrx_word' id='word_1_152' title='bbox 539 976 571 1007; x_wconf 83' lang='grc' dir='ltr'>νῦν</span> <span class='ocrx_word' id='word_1_153' title='bbox 583 975 653 1017; x_wconf 81' lang='grc' dir='ltr'><em>σημείων</em></span> <span class='ocrx_word' id='word_1_154' title='bbox 664 972 673 1008; x_wconf 87' lang='grc' dir='ltr'>ὁ</span> <span class='ocrx_word' id='word_1_155' title='bbox 683 972 746 1017; x_wconf 84' lang='grc' dir='ltr'><em>Ἰησοῦς</em></span> <span class='ocrx_word' id='word_1_156' title='bbox 757 963 781 1007; x_wconf 32' lang='grc' dir='ltr'>ἐν]</span> <span class='ocrx_word' id='word_1_157' title='bbox 786 976 835 1008; x_wconf 80' lang='grc' dir='ltr'><em>Κανᾶ</em></span> <span class='ocrx_word' id='word_1_158' title='bbox 846 977 874 1018; x_wconf 84' lang='grc' dir='ltr'>τῆς</span> <span class='ocrx_word' id='word_1_159' title='bbox 885 976 973 1014; x_wconf 77' lang='grc' dir='ltr'><em>Γαλιλαίας</em></span> <span class='ocrx_word' id='word_1_160' title='bbox 984 994 1006 1000; x_wconf 86' lang='grc'><strong>-</strong></span> <span class='ocrx_word' id='word_1_161' title='bbox 1016 976 1050 1020; x_wconf 77' lang='lat' dir='ltr'>J&#39;am</span> 
     </span>
     <span class='ocr_line' id='line_1_13' title="bbox 82 1026 947 1084; baseline -0.001 -11"><span class='ocrx_word' id='word_1_162' title='bbox 82 1038 125 1073; x_wconf 86' lang='lat' dir='ltr'>haec</span> <span class='ocrx_word' id='word_1_163' title='bbox 136 1045 228 1084; x_wconf 86' lang='lat' dir='ltr'>sequuntur</span> <span class='ocrx_word' id='word_1_164' title='bbox 239 1038 272 1071; x_wconf 88' lang='grc' dir='ltr'><em>Καί</em></span> <span class='ocrx_word' id='word_1_165' title='bbox 283 1037 331 1081; x_wconf 85' lang='grc' dir='ltr'><em>έγγύς</em></span> <span class='ocrx_word' id='word_1_166' title='bbox 342 1033 363 1081; x_wconf 79' lang='grc' dir='ltr'><em>ἦν</em></span> <span class='ocrx_word' id='word_1_167' title='bbox 374 1036 392 1071; x_wconf 87' lang='grc' dir='ltr'>τύ</span> <span class='ocrx_word' id='word_1_168' title='bbox 404 1026 459 1084; x_wconf 80' lang='grc' dir='ltr'><em>πάσχα</em></span> <span class='ocrx_word' id='word_1_169' title='bbox 470 1040 503 1071; x_wconf 74' lang='lat' dir='ltr'>noir</span> <span class='ocrx_word' id='word_1_170' title='bbox 513 1037 602 1079; x_wconf 83' lang='grc' dir='ltr'><em>Ἰουδαίων,</em></span> <span class='ocrx_word' id='word_1_171' title='bbox 614 1037 642 1070; x_wconf 88' lang='grc' dir='ltr'><em>καί</em></span> <span class='ocrx_word' id='word_1_172' title='bbox 653 1036 702 1081; x_wconf 84' lang='grc' dir='ltr'><em>ἀνέβη</em></span> <span class='ocrx_word' id='word_1_173' title='bbox 714 1038 736 1076; x_wconf 86' lang='grc' dir='ltr'>είς</span> <span class='ocrx_word' id='word_1_174' title='bbox 746 1035 850 1080; x_wconf 77' lang='grc' dir='ltr'><em>Ἱεροσόλυμα</em></span> <span class='ocrx_word' id='word_1_175' title='bbox 862 1036 871 1071; x_wconf 87' lang='grc' dir='ltr'>ὁ</span> <span class='ocrx_word' id='word_1_176' title='bbox 881 1036 947 1081; x_wconf 82' lang='grc' dir='ltr'><em>Ἰησοῦς.</em></span> 
     </span>
     <span class='ocr_line' id='line_1_14' title="bbox 128 1101 1049 1147; baseline 0.001 -11"><span class='ocrx_word' id='word_1_177' title='bbox 128 1102 203 1136; x_wconf 86' lang='lat' dir='ltr'>Similiter</span> <span class='ocrx_word' id='word_1_178' title='bbox 217 1102 266 1136; x_wconf 87' lang='lat' dir='ltr'>alium</span> <span class='ocrx_word' id='word_1_179' title='bbox 278 1102 388 1147; x_wconf 80' lang='lat' dir='ltr'>evangelistae</span> <span class='ocrx_word' id='word_1_180' title='bbox 403 1103 459 1136; x_wconf 88' lang='lat' dir='ltr'>locum</span> <span class='ocrx_word' id='word_1_181' title='bbox 474 1113 542 1147; x_wconf 90' lang='lat' dir='ltr'>prorsus</span> <span class='ocrx_word' id='word_1_182' title='bbox 556 1102 602 1136; x_wconf 89' lang='lat' dir='ltr'>aliter</span> <span class='ocrx_word' id='word_1_183' title='bbox 613 1113 623 1136; x_wconf 87' lang='lat' dir='ltr'>a</span> <span class='ocrx_word' id='word_1_184' title='bbox 635 1103 691 1136; x_wconf 86' lang='lat' dir='ltr'>Nonne</span> <span class='ocrx_word' id='word_1_185' title='bbox 707 1101 767 1135; x_wconf 81' lang='lat' dir='ltr'>lectum</span> <span class='ocrx_word' id='word_1_186' title='bbox 779 1112 816 1136; x_wconf 92' lang='lat' dir='ltr'>esse</span> <span class='ocrx_word' id='word_1_187' title='bbox 828 1107 873 1146; x_wconf 89' lang='lat' dir='ltr'>pute.</span> <span class='ocrx_word' id='word_1_188' title='bbox 896 1103 943 1136; x_wconf 86' lang='lat' dir='ltr'>Hune</span> <span class='ocrx_word' id='word_1_189' title='bbox 956 1102 998 1136; x_wconf 89' lang='lat' dir='ltr'>enim</span> <span class='ocrx_word' id='word_1_190' title='bbox 1010 1102 1049 1137; x_wconf 87' lang='lat' dir='ltr'>audi</span> 
     </span>
     <span class='ocr_line' id='line_1_15' title="bbox 83 1164 279 1211; baseline -0.01 -11"><span class='ocrx_word' id='word_1_191' title='bbox 83 1166 133 1200; x_wconf 88' lang='lat' dir='ltr'>sodes</span> <span class='ocrx_word' id='word_1_192' title='bbox 146 1164 163 1207; x_wconf 83' lang='lat'>6,</span> <span class='ocrx_word' id='word_1_193' title='bbox 176 1177 191 1200; x_wconf 92' lang='lat' dir='ltr'>v.</span> <span class='ocrx_word' id='word_1_194' title='bbox 202 1177 230 1206; x_wconf 75' lang='grc' dir='ltr'>ιιιε</span> <span class='ocrx_word' id='word_1_195' title='bbox 242 1177 279 1211; x_wconf 85' lang='lat' dir='ltr'>sqq.</span> 
     </span>
     <span class='ocr_line' id='line_1_16' title="bbox 354 1225 765 1270; baseline 0 -9"><span class='ocrx_word' id='word_1_196' title='bbox 354 1246 376 1251; x_wconf 91' lang='lat'>—</span> <span class='ocrx_word' id='word_1_197' title='bbox 421 1248 443 1252; x_wconf 88' lang='grc'><strong>-</strong></span> <span class='ocrx_word' id='word_1_198' title='bbox 488 1246 510 1251; x_wconf 83' lang='lat'>—</span> <span class='ocrx_word' id='word_1_199' title='bbox 555 1247 576 1251; x_wconf 75' lang='grc'>-</span> <span class='ocrx_word' id='word_1_200' title='bbox 610 1225 701 1270; x_wconf 89' lang='grc' dir='ltr'><em>Είρύμενος</em></span> <span class='ocrx_word' id='word_1_201' title='bbox 712 1226 730 1261; x_wconf 79' lang='grc' dir='ltr'><em>δὲ</em></span> <span class='ocrx_word' id='word_1_202' title='bbox 764 1230 765 1233; x_wconf 75' lang='grc'>’</span> 
     </span>
     <span class='ocr_line' id='line_1_17' title="bbox 308 1289 708 1335; baseline -0.003 -11"><span class='ocrx_word' id='word_1_203' title='bbox 308 1289 347 1330; x_wconf 81' lang='grc' dir='ltr'><em>λαὸς</em></span> <span class='ocrx_word' id='word_1_204' title='bbox 358 1289 442 1325; x_wconf 76' lang='grc' dir='ltr'><em>Ἰουδαίαν</em></span> <span class='ocrx_word' id='word_1_205' title='bbox 454 1289 556 1334; x_wconf 82' lang='grc' dir='ltr'><em>φιλοπευθέα</em></span> <span class='ocrx_word' id='word_1_206' title='bbox 568 1289 628 1334; x_wconf 79' lang='grc' dir='ltr'><em>βῆξατο</em></span> <span class='ocrx_word' id='word_1_207' title='bbox 640 1289 708 1335; x_wconf 81' lang='grc' dir='ltr'><em>φακῆν·</em></span> 
     </span>
     <span class='ocr_line' id='line_1_18' title="bbox 308 1339 740 1399; baseline 0.005 -14"><span class='ocrx_word' id='word_1_208' title='bbox 308 1339 364 1393; x_wconf 77' lang='grc' dir='ltr'><em>«εἰπέ,</em></span> <span class='ocrx_word' id='word_1_209' title='bbox 375 1355 391 1387; x_wconf 89' lang='grc' dir='ltr'>τί</span> <span class='ocrx_word' id='word_1_210' title='bbox 401 1366 430 1388; x_wconf 87' lang='grc' dir='ltr'>κεν</span> <span class='ocrx_word' id='word_1_211' title='bbox 442 1353 520 1397; x_wconf 78' lang='grc' dir='ltr'><em>ῥέξομεν,</em></span> <span class='ocrx_word' id='word_1_212' title='bbox 533 1352 576 1393; x_wconf 73' lang='grc' dir='ltr'><em>ὅπως</em></span> <span class='ocrx_word' id='word_1_213' title='bbox 588 1353 672 1396; x_wconf 83' lang='grc' dir='ltr'><em>θεοτερπέι</em></span> <span class='ocrx_word' id='word_1_214' title='bbox 683 1356 740 1399; x_wconf 76' lang='grc' dir='ltr'><em>θεσμῷ</em></span> 
     </span>
     <span class='ocr_line' id='line_1_19' title="bbox 307 1405 817 1463; baseline 0 -12"><span class='ocrx_word' id='word_1_215' title='bbox 307 1416 346 1460; x_wconf 72' lang='grc' dir='ltr'><em>ἔργα</em></span> <span class='ocrx_word' id='word_1_216' title='bbox 357 1420 399 1451; x_wconf 90' lang='grc' dir='ltr'><em>θεοῦ</em></span> <span class='ocrx_word' id='word_1_217' title='bbox 410 1416 498 1460; x_wconf 64' lang='lat' dir='ltr'>reticuere</span> <span class='ocrx_word' id='word_1_218' title='bbox 511 1416 578 1462; x_wconf 63' lang='lat' dir='ltr'>(stetim</span> <span class='ocrx_word' id='word_1_219' title='bbox 587 1405 637 1457; x_wconf 77' lang='grc' dir='ltr'><em>’Ἇναξ</em></span> <span class='ocrx_word' id='word_1_220' title='bbox 649 1416 663 1450; x_wconf 78' lang='grc' dir='ltr'><em>δ’</em></span> <span class='ocrx_word' id='word_1_221' title='bbox 675 1416 748 1460; x_wconf 76' lang='grc' dir='ltr'><em>ἠμείβετο</em></span> <span class='ocrx_word' id='word_1_222' title='bbox 759 1416 817 1463; x_wconf 79' lang='grc' dir='ltr'><em>μύθῳ’</em></span> 
     </span>
     <span class='ocr_line' id='line_1_20' title="bbox 307 1469 847 1524; baseline 0.002 -12"><span class='ocrx_word' id='word_1_223' title='bbox 307 1479 374 1524; x_wconf 75' lang='grc' dir='ltr'><em>«ὀρθὴν</em></span> <span class='ocrx_word' id='word_1_224' title='bbox 386 1482 441 1514; x_wconf 87' lang='grc' dir='ltr'><em>πίστιν</em></span> <span class='ocrx_word' id='word_1_225' title='bbox 454 1480 523 1524; x_wconf 74' lang='grc' dir='ltr'><em>ἔχοντες,</em></span> <span class='ocrx_word' id='word_1_226' title='bbox 536 1479 579 1519; x_wconf 73' lang='grc' dir='ltr'><em>ὅπως</em></span> <span class='ocrx_word' id='word_1_227' title='bbox 591 1479 659 1524; x_wconf 83' lang='grc' dir='ltr'><em>δέξησθε</em></span> <span class='ocrx_word' id='word_1_228' title='bbox 671 1480 752 1524; x_wconf 81' lang='grc' dir='ltr'><em>(μανέντα,</em></span> <span class='ocrx_word' id='word_1_229' title='bbox 843 1469 847 1472; x_wconf 41' lang='grc'><strong><em>’</em></strong></span> 
     </span>
     <span class='ocr_line' id='line_1_21' title="bbox 308 1542 588 1588; baseline 0 -11"><span class='ocrx_word' id='word_1_230' title='bbox 308 1543 365 1577; x_wconf 79' lang='grc' dir='ltr'><em>ὅντινα</em></span> <span class='ocrx_word' id='word_1_231' title='bbox 376 1547 430 1583; x_wconf 85' lang='grc' dir='ltr'><em>κείνας</em></span> <span class='ocrx_word' id='word_1_232' title='bbox 441 1543 512 1587; x_wconf 69' lang='grc' dir='ltr'><em>ἔπεμψεν</em></span> <span class='ocrx_word' id='word_1_233' title='bbox 524 1542 568 1588; x_wconf 77' lang='grc' dir='ltr'><em>(εἰσί)</em></span> <span class='ocrx_word' id='word_1_234' title='bbox 574 1557 588 1577; x_wconf 77' lang='grc' dir='ltr'>ιι,</span> 
     </span>
     <span class='ocr_line' id='line_1_22' title="bbox 81 1607 1046 1656; baseline -0.001 -13"><span class='ocrx_word' id='word_1_235' title='bbox 81 1610 126 1643; x_wconf 87' lang='lat' dir='ltr'>liaee</span> <span class='ocrx_word' id='word_1_236' title='bbox 141 1608 195 1642; x_wconf 89' lang='lat' dir='ltr'>omnia</span> <span class='ocrx_word' id='word_1_237' title='bbox 210 1613 244 1652; x_wconf 84' lang='lat' dir='ltr'>tam</span> <span class='ocrx_word' id='word_1_238' title='bbox 259 1613 303 1642; x_wconf 90' lang='lat' dir='ltr'>arete</span> <span class='ocrx_word' id='word_1_239' title='bbox 319 1607 416 1648; x_wconf 83' lang='lat' dir='ltr'>cohaerere,</span> <span class='ocrx_word' id='word_1_240' title='bbox 436 1613 454 1641; x_wconf 92' lang='lat' dir='ltr'>ut</span> <span class='ocrx_word' id='word_1_241' title='bbox 467 1607 505 1640; x_wconf 89' lang='lat' dir='ltr'>nihil</span> <span class='ocrx_word' id='word_1_242' title='bbox 520 1607 579 1656; x_wconf 80' lang='lat' dir='ltr'>intrudi</span> <span class='ocrx_word' id='word_1_243' title='bbox 594 1608 652 1652; x_wconf 70' lang='lat' dir='ltr'>possit,</span> <span class='ocrx_word' id='word_1_244' title='bbox 671 1607 716 1654; x_wconf 91' lang='lat' dir='ltr'>quod</span> <span class='ocrx_word' id='word_1_245' title='bbox 729 1608 818 1652; x_wconf 77' lang='lat' dir='ltr'>longiorem</span> <span class='ocrx_word' id='word_1_246' title='bbox 833 1608 943 1653; x_wconf 83' lang='lat' dir='ltr'>evangelistae</span> <span class='ocrx_word' id='word_1_247' title='bbox 957 1609 1046 1643; x_wconf 85' lang='lat' dir='ltr'>orationem</span> 
     </span>
     <span class='ocr_line' id='line_1_23' title="bbox 81 1666 1046 1715; baseline 0 -11"><span class='ocrx_word' id='word_1_248' title='bbox 81 1692 102 1696; x_wconf 93' lang='lat'>-</span> <span class='ocrx_word' id='word_1_249' title='bbox 114 1683 136 1708; x_wconf 69' lang='grc' dir='ltr'>υς.</span> <span class='ocrx_word' id='word_1_250' title='bbox 149 1669 196 1704; x_wconf 83' lang='grc' dir='ltr'><em>εἶπον</em></span> <span class='ocrx_word' id='word_1_251' title='bbox 208 1666 240 1703; x_wconf 82' lang='grc' dir='ltr'>οῦν</span> <span class='ocrx_word' id='word_1_252' title='bbox 250 1669 292 1713; x_wconf 80' lang='grc' dir='ltr'><em>πρὸς</em></span> <span class='ocrx_word' id='word_1_253' title='bbox 303 1668 354 1704; x_wconf 82' lang='grc' dir='ltr'><em>αύτύν</em></span> <span class='ocrx_word' id='word_1_254' title='bbox 368 1671 387 1703; x_wconf 89' lang='grc' dir='ltr'>Τί</span> <span class='ocrx_word' id='word_1_255' title='bbox 398 1672 477 1712; x_wconf 70' lang='grc' dir='ltr'><em>ποιοῖμεν,</em></span> <span class='ocrx_word' id='word_1_256' title='bbox 490 1671 517 1703; x_wconf 90' lang='grc' dir='ltr'>ίνα</span> <span class='ocrx_word' id='word_1_257' title='bbox 528 1668 633 1713; x_wconf 75' lang='grc' dir='ltr'><em>ἐργαζώμεθα</em></span> <span class='ocrx_word' id='word_1_258' title='bbox 644 1669 665 1704; x_wconf 79' lang='grc' dir='ltr'>τὰ</span> <span class='ocrx_word' id='word_1_259' title='bbox 679 1669 718 1713; x_wconf 84' lang='grc' dir='ltr'><em>έργα</em></span> <span class='ocrx_word' id='word_1_260' title='bbox 728 1672 758 1703; x_wconf 89' lang='grc' dir='ltr'><em>τοῦ</em></span> <span class='ocrx_word' id='word_1_261' title='bbox 772 1673 821 1710; x_wconf 70' lang='grc' dir='ltr'><em>θεοῦς</em></span> <span class='ocrx_word' id='word_1_262' title='bbox 835 1683 858 1708; x_wconf 74' lang='lat'>29.</span> <span class='ocrx_word' id='word_1_263' title='bbox 870 1669 950 1715; x_wconf 79' lang='grc' dir='ltr'><em>ἀπεκρίθη</em></span> <span class='ocrx_word' id='word_1_264' title='bbox 964 1668 973 1704; x_wconf 87' lang='grc' dir='ltr'><em>δ</em></span> <span class='ocrx_word' id='word_1_265' title='bbox 984 1669 1046 1714; x_wconf 86' lang='grc' dir='ltr'><em>Ἰησοῦς</em></span> 
     </span>
     <span class='ocr_line' id='line_1_24' title="bbox 80 1732 1045 1777; baseline -0.002 -8"><span class='ocrx_word' id='word_1_266' title='bbox 80 1735 113 1769; x_wconf 85' lang='grc' dir='ltr'><em>καὶ</em></span> <span class='ocrx_word' id='word_1_267' title='bbox 124 1733 178 1768; x_wconf 81' lang='grc' dir='ltr'><em>εἶπεν</em></span> <span class='ocrx_word' id='word_1_268' title='bbox 190 1732 259 1773; x_wconf 81' lang='grc' dir='ltr'><em>αὐτοῖς</em></span> <span class='ocrx_word' id='word_1_269' title='bbox 273 1732 337 1767; x_wconf 85' lang='grc' dir='ltr'><em>Τοῦτό</em></span> <span class='ocrx_word' id='word_1_270' title='bbox 349 1733 401 1767; x_wconf 75' lang='grc' dir='ltr'><em>ἐστιν</em></span> <span class='ocrx_word' id='word_1_271' title='bbox 414 1732 437 1766; x_wconf 83' lang='grc' dir='ltr'>τύ</span> <span class='ocrx_word' id='word_1_272' title='bbox 450 1733 511 1777; x_wconf 76' lang='grc' dir='ltr'><em>ἔργον</em></span> <span class='ocrx_word' id='word_1_273' title='bbox 524 1735 561 1767; x_wconf 84' lang='grc' dir='ltr'><em>τοῦ</em></span> <span class='ocrx_word' id='word_1_274' title='bbox 574 1735 634 1772; x_wconf 85' lang='grc' dir='ltr'><em>θεοῦ,</em></span> <span class='ocrx_word' id='word_1_275' title='bbox 651 1735 685 1767; x_wconf 82' lang='grc' dir='ltr'>ἳνα</span> <span class='ocrx_word' id='word_1_276' title='bbox 696 1732 789 1776; x_wconf 69' lang='grc' dir='ltr'><em>πιστεύσητε</em></span> <span class='ocrx_word' id='word_1_277' title='bbox 804 1735 826 1773; x_wconf 83' lang='grc' dir='ltr'>είς</span> <span class='ocrx_word' id='word_1_278' title='bbox 842 1733 862 1768; x_wconf 86' lang='grc' dir='ltr'>δν</span> <span class='ocrx_word' id='word_1_279' title='bbox 874 1733 965 1768; x_wconf 83' lang='grc' dir='ltr'><em>ἀπέστειλεν</em></span> <span class='ocrx_word' id='word_1_280' title='bbox 977 1734 1045 1773; x_wconf 79' lang='grc' dir='ltr'><em>ἐκεῖνος.</em></span> 
     </span>
     <span class='ocr_line' id='line_1_25' title="bbox 80 1797 1047 1844; baseline 0 -12"><span class='ocrx_word' id='word_1_281' title='bbox 80 1820 101 1824; x_wconf 92' lang='grc'>-</span> <span class='ocrx_word' id='word_1_282' title='bbox 113 1800 162 1844; x_wconf 89' lang='lat' dir='ltr'>plene</span> <span class='ocrx_word' id='word_1_283' title='bbox 175 1805 192 1832; x_wconf 90' lang='lat' dir='ltr'>et</span> <span class='ocrx_word' id='word_1_284' title='bbox 203 1799 277 1843; x_wconf 85' lang='lat' dir='ltr'>perfecte</span> <span class='ocrx_word' id='word_1_285' title='bbox 287 1798 354 1839; x_wconf 70' lang='lat' dir='ltr'>reddat,</span> <span class='ocrx_word' id='word_1_286' title='bbox 371 1798 438 1832; x_wconf 83' lang='lat' dir='ltr'>fatearis</span> <span class='ocrx_word' id='word_1_287' title='bbox 452 1808 522 1832; x_wconf 87' lang='lat' dir='ltr'>neeesse</span> <span class='ocrx_word' id='word_1_288' title='bbox 535 1803 564 1831; x_wconf 90' lang='lat' dir='ltr'>est.</span> <span class='ocrx_word' id='word_1_289' title='bbox 587 1798 622 1831; x_wconf 88' lang='lat' dir='ltr'>Nee</span> <span class='ocrx_word' id='word_1_290' title='bbox 633 1802 687 1831; x_wconf 82' lang='lat' dir='ltr'>tumen</span> <span class='ocrx_word' id='word_1_291' title='bbox 700 1797 728 1842; x_wconf 91' lang='lat' dir='ltr'>qui</span> <span class='ocrx_word' id='word_1_292' title='bbox 739 1798 790 1831; x_wconf 89' lang='lat' dir='ltr'>Nenni</span> <span class='ocrx_word' id='word_1_293' title='bbox 802 1797 909 1843; x_wconf 86' lang='lat' dir='ltr'>paraphrasin</span> <span class='ocrx_word' id='word_1_294' title='bbox 920 1799 989 1839; x_wconf 80' lang='lat' dir='ltr'>neverit,</span> <span class='ocrx_word' id='word_1_295' title='bbox 1009 1809 1047 1832; x_wconf 91' lang='lat' dir='ltr'>euru</span> 
     </span>
     <span class='ocr_line' id='line_1_26' title="bbox 81 1860 1047 1907; baseline -0.001 -10"><span class='ocrx_word' id='word_1_296' title='bbox 81 1863 157 1897; x_wconf 82' lang='lat' dir='ltr'>consulto</span> <span class='ocrx_word' id='word_1_297' title='bbox 169 1863 185 1896; x_wconf 91' lang='lat' dir='ltr'>in</span> <span class='ocrx_word' id='word_1_298' title='bbox 196 1862 264 1896; x_wconf 82' lang='lat' dir='ltr'>brevius</span> <span class='ocrx_word' id='word_1_299' title='bbox 276 1862 303 1895; x_wconf 90' lang='lat' dir='ltr'>illa</span> <span class='ocrx_word' id='word_1_300' title='bbox 315 1863 416 1896; x_wconf 81' lang='lat' dir='ltr'>contraxisse</span> <span class='ocrx_word' id='word_1_301' title='bbox 429 1862 514 1907; x_wconf 83' lang='lat' dir='ltr'>putaverit.</span> <span class='ocrx_word' id='word_1_302' title='bbox 538 1861 581 1901; x_wconf 85' lang='lat' dir='ltr'>Quid</span> <span class='ocrx_word' id='word_1_303' title='bbox 592 1861 647 1905; x_wconf 86' lang='lat' dir='ltr'>igitur,</span> <span class='ocrx_word' id='word_1_304' title='bbox 665 1861 678 1893; x_wconf 91' lang='lat' dir='ltr'>si</span> <span class='ocrx_word' id='word_1_305' title='bbox 693 1864 743 1905; x_wconf 77' lang='lat' dir='ltr'>poeta</span> <span class='ocrx_word' id='word_1_306' title='bbox 756 1861 772 1894; x_wconf 90' lang='lat' dir='ltr'>in</span> <span class='ocrx_word' id='word_1_307' title='bbox 784 1872 813 1895; x_wconf 90' lang='lat' dir='ltr'>suo</span> <span class='ocrx_word' id='word_1_308' title='bbox 826 1860 884 1895; x_wconf 88' lang='lat' dir='ltr'>codice</span> <span class='ocrx_word' id='word_1_309' title='bbox 896 1861 938 1896; x_wconf 86' lang='lat' dir='ltr'>haee</span> <span class='ocrx_word' id='word_1_310' title='bbox 949 1867 1010 1895; x_wconf 89' lang='lat' dir='ltr'>tantum</span> <span class='ocrx_word' id='word_1_311' title='bbox 1022 1862 1047 1896; x_wconf 88' lang='lat' dir='ltr'>in-</span> 
     </span>
     <span class='ocr_line' id='line_1_27' title="bbox 80 1922 883 1968; baseline -0.005 -8"><span class='ocrx_word' id='word_1_312' title='bbox 80 1926 131 1960; x_wconf 85' lang='lat' dir='ltr'>venit:</span> <span class='ocrx_word' id='word_1_313' title='bbox 143 1923 225 1968; x_wconf 82' lang='grc' dir='ltr'><em>ἀπεκρίθη</em></span> <span class='ocrx_word' id='word_1_314' title='bbox 238 1922 247 1958; x_wconf 87' lang='grc' dir='ltr'><strong><em>ὁ</em></strong></span> <span class='ocrx_word' id='word_1_315' title='bbox 257 1922 319 1967; x_wconf 78' lang='grc' dir='ltr'><em>Ἰησοῦς</em></span> <span class='ocrx_word' id='word_1_316' title='bbox 329 1923 372 1958; x_wconf 77' lang='lat' dir='ltr'>&#39;Edu</span> <span class='ocrx_word' id='word_1_317' title='bbox 383 1923 478 1967; x_wconf 71' lang='grc' dir='ltr'><em>πιστεύσητε</em></span> <span class='ocrx_word' id='word_1_318' title='bbox 489 1926 511 1963; x_wconf 87' lang='grc' dir='ltr'>είς</span> <span class='ocrx_word' id='word_1_319' title='bbox 523 1923 543 1958; x_wconf 87' lang='grc' dir='ltr'>δν</span> <span class='ocrx_word' id='word_1_320' title='bbox 555 1922 647 1957; x_wconf 82' lang='grc' dir='ltr'><em>ἀπέστειλεν</em></span> <span class='ocrx_word' id='word_1_321' title='bbox 659 1923 733 1962; x_wconf 62' lang='lat' dir='ltr'>testeos?</span> <span class='ocrx_word' id='word_1_322' title='bbox 881 1964 883 1968; x_wconf 19' lang='lat'><strong>¹</strong></span> 
     </span>
     <span class='ocr_line' id='line_1_28' title="bbox 126 1985 1046 2034; baseline -0.001 -12"><span class='ocrx_word' id='word_1_323' title='bbox 126 1990 183 2034; x_wconf 89' lang='lat' dir='ltr'>Neque</span> <span class='ocrx_word' id='word_1_324' title='bbox 196 1989 245 2022; x_wconf 88' lang='lat' dir='ltr'>alium</span> <span class='ocrx_word' id='word_1_325' title='bbox 258 1988 313 2022; x_wconf 88' lang='lat' dir='ltr'>locum</span> <span class='ocrx_word' id='word_1_326' title='bbox 324 1992 376 2032; x_wconf 81' lang='lat' dir='ltr'>poeta·</span> <span class='ocrx_word' id='word_1_327' title='bbox 385 1988 427 2021; x_wconf 74' lang='lat' dir='ltr'>(luce</span> <span class='ocrx_word' id='word_1_328' title='bbox 439 1998 449 2021; x_wconf 87' lang='lat' dir='ltr'>u</span> <span class='ocrx_word' id='word_1_329' title='bbox 461 1989 560 2033; x_wconf 74' lang='lat' dir='ltr'>glossemate</span> <span class='ocrx_word' id='word_1_330' title='bbox 571 1988 642 2021; x_wconf 91' lang='lat' dir='ltr'>liberare</span> <span class='ocrx_word' id='word_1_331' title='bbox 654 1987 718 2021; x_wconf 87' lang='lat' dir='ltr'>dubito:</span> <span class='ocrx_word' id='word_1_332' title='bbox 738 1988 754 2027; x_wconf 85' lang='grc'>7,</span> <span class='ocrx_word' id='word_1_333' title='bbox 767 1998 784 2022; x_wconf 83' lang='grc' dir='ltr'>ιο</span> <span class='ocrx_word' id='word_1_334' title='bbox 796 1998 821 2032; x_wconf 90' lang='lat' dir='ltr'>sq.</span> <span class='ocrx_word' id='word_1_335' title='bbox 833 1988 880 2021; x_wconf 83' lang='lat' dir='ltr'>lesus</span> <span class='ocrx_word' id='word_1_336' title='bbox 893 1988 942 2022; x_wconf 86' lang='lat' dir='ltr'>dicit:</span> <span class='ocrx_word' id='word_1_337' title='bbox 957 1985 967 2031; x_wconf 82' lang='grc' dir='ltr'><em>ἡ</em></span> <span class='ocrx_word' id='word_1_338' title='bbox 980 1986 1009 2031; x_wconf 83' lang='grc' dir='ltr'>έμῆ</span> <span class='ocrx_word' id='word_1_339' title='bbox 1021 1989 1046 2022; x_wconf 89' lang='grc' dir='ltr'>δι-</span> 
     </span>
     <span class='ocr_line' id='line_1_29' title="bbox 79 2048 1044 2096; baseline -0.002 -10"><span class='ocrx_word' id='word_1_340' title='bbox 79 2050 121 2096; x_wconf 81' lang='grc' dir='ltr'><em>δαχὴ</em></span> <span class='ocrx_word' id='word_1_341' title='bbox 134 2050 164 2085; x_wconf 87' lang='grc' dir='ltr'><em>οῦκ</em></span> <span class='ocrx_word' id='word_1_342' title='bbox 176 2051 220 2085; x_wconf 86' lang='grc' dir='ltr'><em>έστιν</em></span> <span class='ocrx_word' id='word_1_343' title='bbox 232 2049 270 2094; x_wconf 80' lang='grc' dir='ltr'><em>ἐμῆ,</em></span> <span class='ocrx_word' id='word_1_344' title='bbox 289 2048 329 2083; x_wconf 80' lang='grc' dir='ltr'>ἀλλά</span> <span class='ocrx_word' id='word_1_345' title='bbox 340 2052 369 2083; x_wconf 93' lang='grc' dir='ltr'><em>τοῦ</em></span> <span class='ocrx_word' id='word_1_346' title='bbox 380 2049 473 2093; x_wconf 84' lang='grc' dir='ltr'><em>πέμψαντός</em></span> <span class='ocrx_word' id='word_1_347' title='bbox 487 2061 516 2093; x_wconf 88' lang='grc' dir='ltr'>με·</span> <span class='ocrx_word' id='word_1_348' title='bbox 534 2049 562 2084; x_wconf 82' lang='grc' dir='ltr'><em>έοίν</em></span> <span class='ocrx_word' id='word_1_349' title='bbox 576 2063 601 2089; x_wconf 86' lang='grc' dir='ltr'>τις</span> <span class='ocrx_word' id='word_1_350' title='bbox 613 2049 654 2094; x_wconf 82' lang='grc' dir='ltr'><em>θέλη</em></span> <span class='ocrx_word' id='word_1_351' title='bbox 668 2048 689 2083; x_wconf 87' lang='grc' dir='ltr'>τὸ</span> <span class='ocrx_word' id='word_1_352' title='bbox 704 2049 784 2093; x_wconf 87' lang='grc' dir='ltr'><em>θέλημα</em></span> <span class='ocrx_word' id='word_1_353' title='bbox 798 2049 861 2084; x_wconf 83' lang='grc' dir='ltr'><em>αύτοῦ</em></span> <span class='ocrx_word' id='word_1_354' title='bbox 874 2055 948 2093; x_wconf 79' lang='grc' dir='ltr'><em>ποιεῖν,</em></span> <span class='ocrx_word' id='word_1_355' title='bbox 965 2050 1044 2093; x_wconf 81' lang='grc' dir='ltr'><em>γνώσεται</em></span> 
     </span>
    </p>
   </div>
   <div class='ocr_carea' id='block_1_3' title="bbox 21 2104 1044 2160">
    <p class='ocr_par' dir='ltr' id='par_1_3' title="bbox 21 2104 1044 2160">
     <span class='ocr_line' id='line_1_30' title="bbox 21 2104 1044 2160; baseline 0 -11"><span class='ocrx_word' id='word_1_356' title='bbox 21 2104 29 2116; x_wconf 35' lang='grc' dir='ltr'><em>ί</em></span> <span class='ocrx_word' id='word_1_357' title='bbox 78 2116 115 2158; x_wconf 86' lang='grc' dir='ltr'><em>περί</em></span> <span class='ocrx_word' id='word_1_358' title='bbox 126 2118 155 2159; x_wconf 82' lang='grc' dir='ltr'>τῆς</span> <span class='ocrx_word' id='word_1_359' title='bbox 166 2117 241 2158; x_wconf 81' lang='grc' dir='ltr'><em>διδαχῆς,</em></span> <span class='ocrx_word' id='word_1_360' title='bbox 253 2112 323 2158; x_wconf 81' lang='grc' dir='ltr'><em>πότερον</em></span> <span class='ocrx_word' id='word_1_361' title='bbox 334 2113 352 2146; x_wconf 76' lang='grc' dir='ltr'><em>ἐν</em></span> <span class='ocrx_word' id='word_1_362' title='bbox 359 2105 388 2147; x_wconf 86' lang='grc' dir='ltr'><em>τοῦ</em></span> <span class='ocrx_word' id='word_1_363' title='bbox 395 2116 437 2147; x_wconf 84' lang='grc' dir='ltr'><em>θεοῦ</em></span> <span class='ocrx_word' id='word_1_364' title='bbox 450 2114 499 2155; x_wconf 76' lang='grc' dir='ltr'><em>ἐστίν,</em></span> <span class='ocrx_word' id='word_1_365' title='bbox 512 2112 523 2158; x_wconf 85' lang='grc' dir='ltr'><em>ῆ</em></span> <span class='ocrx_word' id='word_1_366' title='bbox 535 2113 564 2156; x_wconf 62' lang='lat' dir='ltr'>epu</span> <span class='ocrx_word' id='word_1_367' title='bbox 576 2111 604 2147; x_wconf 80' lang='grc' dir='ltr'>ἀπ’</span> <span class='ocrx_word' id='word_1_368' title='bbox 616 2113 687 2157; x_wconf 80' lang='grc' dir='ltr'><em>ἐμαυτοῦ</em></span> <span class='ocrx_word' id='word_1_369' title='bbox 698 2115 746 2157; x_wconf 77' lang='grc' dir='ltr'><em>λαλῶ.</em></span> <span class='ocrx_word' id='word_1_370' title='bbox 759 2114 845 2152; x_wconf 87' lang='lat' dir='ltr'>Quomodo</span> <span class='ocrx_word' id='word_1_371' title='bbox 854 2115 925 2160; x_wconf 81' lang='lat' dir='ltr'>theologi</span> <span class='ocrx_word' id='word_1_372' title='bbox 933 2115 973 2149; x_wconf 87' lang='lat' dir='ltr'>illud</span> <span class='ocrx_word' id='word_1_373' title='bbox 982 2115 1044 2149; x_wconf 82' lang='lat' dir='ltr'>decan-</span> 
     </span>
    </p>
   </div>
   <div class='ocr_carea' id='block_1_4' title="bbox 78 2176 1045 2733">
    <p class='ocr_par' dir='ltr' id='par_1_4' title="bbox 80 2176 1045 2287">
     <span class='ocr_line' id='line_1_31' title="bbox 80 2176 1045 2223; baseline -0.002 -9"><span class='ocrx_word' id='word_1_374' title='bbox 80 2185 130 2214; x_wconf 85' lang='lat' dir='ltr'>tatum</span> <span class='ocrx_word' id='word_1_375' title='bbox 141 2177 160 2212; x_wconf 85' lang='grc' dir='ltr'><em>τδ</em></span> <span class='ocrx_word' id='word_1_376' title='bbox 172 2178 236 2222; x_wconf 86' lang='grc' dir='ltr'><em>θέλημα</em></span> <span class='ocrx_word' id='word_1_377' title='bbox 248 2176 300 2211; x_wconf 87' lang='grc' dir='ltr'><em>αύτοῦ</em></span> <span class='ocrx_word' id='word_1_378' title='bbox 311 2181 363 2217; x_wconf 79' lang='grc' dir='ltr'><em>ποιεῖν</em></span> <span class='ocrx_word' id='word_1_379' title='bbox 374 2177 412 2211; x_wconf 88' lang='lat' dir='ltr'>huie</span> <span class='ocrx_word' id='word_1_380' title='bbox 423 2178 538 2211; x_wconf 86' lang='lat' dir='ltr'>sententiarum</span> <span class='ocrx_word' id='word_1_381' title='bbox 551 2178 603 2212; x_wconf 80' lang='lat' dir='ltr'>ordini</span> <span class='ocrx_word' id='word_1_382' title='bbox 614 2178 693 2222; x_wconf 84' lang='lat' dir='ltr'>adaptare</span> <span class='ocrx_word' id='word_1_383' title='bbox 705 2177 776 2218; x_wconf 80' lang='lat' dir='ltr'>soleant,</span> <span class='ocrx_word' id='word_1_384' title='bbox 790 2189 858 2212; x_wconf 89' lang='lat' dir='ltr'>menon</span> <span class='ocrx_word' id='word_1_385' title='bbox 870 2178 915 2223; x_wconf 79' lang='lat' dir='ltr'>sugit,</span> <span class='ocrx_word' id='word_1_386' title='bbox 929 2178 960 2212; x_wconf 91' lang='lat' dir='ltr'>sed</span> <span class='ocrx_word' id='word_1_387' title='bbox 968 2189 999 2212; x_wconf 89' lang='lat' dir='ltr'>nee</span> <span class='ocrx_word' id='word_1_388' title='bbox 1007 2179 1045 2212; x_wconf 90' lang='lat' dir='ltr'>mihi</span> 
     </span>
     <span class='ocr_line' id='line_1_32' title="bbox 80 2240 931 2287; baseline -0.002 -10"><span class='ocrx_word' id='word_1_389' title='bbox 80 2243 178 2278; x_wconf 78' lang='lat' dir='ltr'>satisfaciunt</span> <span class='ocrx_word' id='word_1_390' title='bbox 190 2249 206 2278; x_wconf 90' lang='lat' dir='ltr'>et</span> <span class='ocrx_word' id='word_1_391' title='bbox 218 2243 259 2277; x_wconf 87' lang='lat' dir='ltr'>alios</span> <span class='ocrx_word' id='word_1_392' title='bbox 269 2243 304 2287; x_wconf 88' lang='lat' dir='ltr'>jam</span> <span class='ocrx_word' id='word_1_393' title='bbox 315 2242 330 2275; x_wconf 93' lang='lat' dir='ltr'>in</span> <span class='ocrx_word' id='word_1_394' title='bbox 343 2252 363 2275; x_wconf 92' lang='lat' dir='ltr'>eo</span> <span class='ocrx_word' id='word_1_395' title='bbox 377 2241 466 2275; x_wconf 83' lang='lat' dir='ltr'>offendisse</span> <span class='ocrx_word' id='word_1_396' title='bbox 478 2242 574 2286; x_wconf 87' lang='lat' dir='ltr'>interpretes</span> <span class='ocrx_word' id='word_1_397' title='bbox 588 2242 628 2276; x_wconf 81' lang='lat' dir='ltr'>scio.</span> <span class='ocrx_word' id='word_1_398' title='bbox 651 2242 686 2274; x_wconf 84' lang='lat' dir='ltr'>lam</span> <span class='ocrx_word' id='word_1_399' title='bbox 698 2240 736 2273; x_wconf 87' lang='lat' dir='ltr'>audi</span> <span class='ocrx_word' id='word_1_400' title='bbox 748 2240 785 2274; x_wconf 93' lang='lat' dir='ltr'>mihi</span> <span class='ocrx_word' id='word_1_401' title='bbox 798 2241 931 2285; x_wconf 85' lang='lat' dir='ltr'>paraphrastam:</span> 
     </span>
    </p>

    <p class='ocr_par' dir='ltr' id='par_1_5' title="bbox 348 2301 772 2349">
     <span class='ocr_line' id='line_1_33' title="bbox 348 2301 772 2349; baseline -0.007 -11"><span class='ocrx_word' id='word_1_402' title='bbox 348 2302 368 2338; x_wconf 92' lang='grc' dir='ltr'><em>ού</em></span> <span class='ocrx_word' id='word_1_403' title='bbox 381 2304 437 2349; x_wconf 80' lang='grc' dir='ltr'><em>διδαχὴ</em></span> <span class='ocrx_word' id='word_1_404' title='bbox 450 2303 534 2347; x_wconf 81' lang='grc' dir='ltr'><em>πολύιδρις</em></span> <span class='ocrx_word' id='word_1_405' title='bbox 545 2303 575 2347; x_wconf 80' lang='grc' dir='ltr'>ἐμῆ</span> <span class='ocrx_word' id='word_1_406' title='bbox 586 2303 642 2341; x_wconf 84' lang='grc' dir='ltr'><em>πέλεν,</em></span> <span class='ocrx_word' id='word_1_407' title='bbox 654 2301 695 2336; x_wconf 86' lang='grc' dir='ltr'>ἀλλά</span> <span class='ocrx_word' id='word_1_408' title='bbox 707 2305 772 2346; x_wconf 82' lang='grc' dir='ltr'><em>τοκῆος,</em></span> 
     </span>
    </p>

    <p class='ocr_par' dir='ltr' id='par_1_6' title="bbox 348 2365 782 2412">
     <span class='ocr_line' id='line_1_34' title="bbox 348 2365 782 2412; baseline -0.009 -10"><span class='ocrx_word' id='word_1_409' title='bbox 348 2367 391 2408; x_wconf 77' lang='grc' dir='ltr'><em>ὅστις</em></span> <span class='ocrx_word' id='word_1_410' title='bbox 403 2368 430 2412; x_wconf 82' lang='grc' dir='ltr'>ἐμέ</span> <span class='ocrx_word' id='word_1_411' title='bbox 442 2368 524 2412; x_wconf 85' lang='grc' dir='ltr'><em>προέηκεν.</em></span> <span class='ocrx_word' id='word_1_412' title='bbox 547 2366 595 2411; x_wconf 81' lang='grc' dir='ltr'><em>Ἀνῆρ</em></span> <span class='ocrx_word' id='word_1_413' title='bbox 607 2366 624 2400; x_wconf 85' lang='grc' dir='ltr'><em>δέ</em></span> <span class='ocrx_word' id='word_1_414' title='bbox 636 2379 660 2405; x_wconf 83' lang='grc' dir='ltr'>τις</span> <span class='ocrx_word' id='word_1_415' title='bbox 671 2365 692 2410; x_wconf 83' lang='grc' dir='ltr'><em>ῆν</em></span> <span class='ocrx_word' id='word_1_416' title='bbox 704 2365 782 2410; x_wconf 77' lang='grc' dir='ltr'><em>ἐθελῆση,</em></span> 
     </span>
    </p>

    <p class='ocr_par' dir='ltr' id='par_1_7' title="bbox 348 2430 779 2476">
     <span class='ocr_line' id='line_1_35' title="bbox 348 2430 779 2476; baseline -0.007 -11"><span class='ocrx_word' id='word_1_417' title='bbox 348 2430 427 2476; x_wconf 79' lang='grc' dir='ltr'><em>γνώσεται</em></span> <span class='ocrx_word' id='word_1_418' title='bbox 437 2430 514 2476; x_wconf 77' lang='grc' dir='ltr'><em>ἡμετέρης</em></span> <span class='ocrx_word' id='word_1_419' title='bbox 526 2433 592 2475; x_wconf 83' lang='grc' dir='ltr'><em>διδαχῆς</em></span> <span class='ocrx_word' id='word_1_420' title='bbox 602 2430 657 2474; x_wconf 71' lang='grc' dir='ltr'><em>χάριν,</em></span> <span class='ocrx_word' id='word_1_421' title='bbox 670 2431 683 2464; x_wconf 87' lang='grc' dir='ltr'>εί</span> <span class='ocrx_word' id='word_1_422' title='bbox 693 2432 779 2473; x_wconf 83' lang='grc' dir='ltr'><em>γενετῆρος</em></span> 
     </span>
    </p>

    <p class='ocr_par' dir='ltr' id='par_1_8' title="bbox 348 2491 765 2540">
     <span class='ocr_line' id='line_1_36' title="bbox 348 2491 765 2540; baseline -0.007 -11"><span class='ocrx_word' id='word_1_423' title='bbox 348 2494 417 2535; x_wconf 71' lang='grc' dir='ltr'><em>ἔστενες</em></span> <span class='ocrx_word' id='word_1_424' title='bbox 429 2494 498 2540; x_wconf 90' lang='grc' dir='ltr'><em>ούρανίη</em></span> <span class='ocrx_word' id='word_1_425' title='bbox 510 2493 571 2529; x_wconf 82' lang='grc' dir='ltr'><em>θεύθεν</em></span> <span class='ocrx_word' id='word_1_426' title='bbox 583 2492 636 2533; x_wconf 87' lang='grc' dir='ltr'><em>δύσις,</em></span> <span class='ocrx_word' id='word_1_427' title='bbox 649 2492 660 2537; x_wconf 74' lang='grc' dir='ltr'><strong><em>ἢ</em></strong></span> <span class='ocrx_word' id='word_1_428' title='bbox 672 2492 702 2537; x_wconf 76' lang='grc' dir='ltr'><em>έγοέ</em></span> <span class='ocrx_word' id='word_1_429' title='bbox 715 2491 765 2532; x_wconf 83' lang='grc' dir='ltr'><em>αύτδς</em></span> 
     </span>
    </p>

    <p class='ocr_par' dir='ltr' id='par_1_9' title="bbox 78 2555 1044 2733">
     <span class='ocr_line' id='line_1_37' title="bbox 348 2555 778 2603; baseline -0.007 -10"><span class='ocrx_word' id='word_1_430' title='bbox 348 2558 442 2603; x_wconf 80' lang='grc' dir='ltr'><em>φθέγγομαι</em></span> <span class='ocrx_word' id='word_1_431' title='bbox 454 2559 470 2600; x_wconf 78' lang='grc' dir='ltr'>ἐξ</span> <span class='ocrx_word' id='word_1_432' title='bbox 482 2560 528 2593; x_wconf 85' lang='grc' dir='ltr'><em>ίδίων</em></span> <span class='ocrx_word' id='word_1_433' title='bbox 539 2556 595 2601; x_wconf 65' lang='lat' dir='ltr'>etque</span> <span class='ocrx_word' id='word_1_434' title='bbox 607 2556 709 2591; x_wconf 85' lang='grc' dir='ltr'><em>αύτύσσντον</em></span> <span class='ocrx_word' id='word_1_435' title='bbox 721 2555 778 2599; x_wconf 81' lang='grc' dir='ltr'><em>αύδῆν,</em></span> 
     </span>
     <span class='ocr_line' id='line_1_38' title="bbox 78 2619 1044 2666; baseline -0.003 -8"><span class='ocrx_word' id='word_1_436' title='bbox 78 2625 135 2658; x_wconf 85' lang='lat' dir='ltr'>Nonne</span> <span class='ocrx_word' id='word_1_437' title='bbox 148 2624 201 2658; x_wconf 89' lang='lat' dir='ltr'>statim</span> <span class='ocrx_word' id='word_1_438' title='bbox 212 2622 277 2658; x_wconf 85' lang='lat' dir='ltr'>videbis</span> <span class='ocrx_word' id='word_1_439' title='bbox 289 2623 310 2657; x_wconf 87' lang='lat' dir='ltr'>ad</span> <span class='ocrx_word' id='word_1_440' title='bbox 322 2623 350 2657; x_wconf 91' lang='lat' dir='ltr'>illa</span> <span class='ocrx_word' id='word_1_441' title='bbox 361 2622 403 2666; x_wconf 83' lang='grc' dir='ltr'><em>νίνῆρ</em></span> <span class='ocrx_word' id='word_1_442' title='bbox 415 2621 432 2656; x_wconf 88' lang='grc' dir='ltr'><em>δέ</em></span> <span class='ocrx_word' id='word_1_443' title='bbox 444 2635 468 2661; x_wconf 87' lang='grc' dir='ltr'>τις</span> <span class='ocrx_word' id='word_1_444' title='bbox 479 2621 499 2666; x_wconf 83' lang='grc' dir='ltr'><em>ῆν</em></span> <span class='ocrx_word' id='word_1_445' title='bbox 512 2620 580 2666; x_wconf 79' lang='grc' dir='ltr'><em>έθελῆση</em></span> <span class='ocrx_word' id='word_1_446' title='bbox 595 2622 688 2666; x_wconf 82' lang='lat' dir='ltr'>simpliciter</span> <span class='ocrx_word' id='word_1_447' title='bbox 703 2621 814 2665; x_wconf 86' lang='lat' dir='ltr'>supplendum</span> <span class='ocrx_word' id='word_1_448' title='bbox 829 2620 867 2655; x_wconf 85' lang='lat' dir='ltr'>esse</span> <span class='ocrx_word' id='word_1_449' title='bbox 880 2619 983 2664; x_wconf 86' lang='grc' dir='ltr'><em>γιγνοίσαειν,</em></span> <span class='ocrx_word' id='word_1_450' title='bbox 1000 2620 1044 2666; x_wconf 86' lang='lat' dir='ltr'>quod</span> 
     </span>
     <span class='ocr_line' id='line_1_39' title="bbox 79 2680 1021 2733; baseline -0.004 -12"><span class='ocrx_word' id='word_1_451' title='bbox 79 2688 165 2733; x_wconf 87' lang='lat' dir='ltr'>quominus</span> <span class='ocrx_word' id='word_1_452' title='bbox 178 2688 226 2722; x_wconf 86' lang='lat' dir='ltr'>etiam</span> <span class='ocrx_word' id='word_1_453' title='bbox 238 2687 254 2721; x_wconf 90' lang='lat' dir='ltr'>in</span> <span class='ocrx_word' id='word_1_454' title='bbox 266 2687 376 2731; x_wconf 84' lang='lat' dir='ltr'>evangelistae</span> <span class='ocrx_word' id='word_1_455' title='bbox 388 2687 442 2722; x_wconf 80' lang='lat' dir='ltr'>uerbis</span> <span class='ocrx_word' id='word_1_456' title='bbox 456 2687 483 2721; x_wconf 90' lang='lat' dir='ltr'>liat</span> <span class='ocrx_word' id='word_1_457' title='bbox 494 2688 593 2732; x_wconf 77' lang='lat' dir='ltr'>glossemate</span> <span class='ocrx_word' id='word_1_458' title='bbox 605 2685 686 2730; x_wconf 83' lang='lat' dir='ltr'>purgatis,</span> <span class='ocrx_word' id='word_1_459' title='bbox 698 2684 736 2718; x_wconf 90' lang='lat' dir='ltr'>nihil</span> <span class='ocrx_word' id='word_1_460' title='bbox 748 2684 814 2719; x_wconf 85' lang='lat' dir='ltr'>obstare</span> <span class='ocrx_word' id='word_1_461' title='bbox 825 2684 894 2718; x_wconf 89' lang='lat' dir='ltr'>videtur.</span> <span class='ocrx_word' id='word_1_462' title='bbox 1019 2680 1021 2682; x_wconf 59' lang='grc'><strong><em>’</em></strong></span> 
     </span>
    </p>
   </div>
   <div class='ocr_carea' id='block_1_5' title="bbox 0 0 1102 2995">
    <p class='ocr_par' dir='ltr' id='par_1_10' title="bbox 0 0 1102 2995">
     <span class='ocr_line' id='line_1_40' title="bbox 0 0 1102 2995; baseline 0 3"><span class='ocrx_word' id='word_1_463' title='bbox 0 0 1102 2995; x_wconf 95' lang='lat' dir='ltr'> </span> 
     </span>
    </p>
   </div>
  </div>
 </body>
</html>
