2194 2995
518 201 642 262 „⁴12-¹¹¹

53 362 55 364 ,
90 331 146 376 potius
157 331 199 366 haec
210 336 271 365 tanturn
284 331 300 364 in
315 340 346 363 sno
361 330 445 375 evangelio
461 329 540 364 hahuisse
554 329 605 364 verba
619 333 686 375 poetam
699 320 802 369 intellexeritk
814 329 862 373 μέσος
876 330 894 365 δὲ
907 327 957 374 ὑμῶν
968 329 1054 375 ἐστηκινὸ

65 391 75 404 ”
91 394 143 428 ὀπίσω
154 407 186 437 μον
197 382 294 437 ἐρχόμενος,Ὶ
304 387 324 426 οὗ
332 391 369 427 ὀὐκ
380 393 411 436 εἰμὶ
423 392 467 433 ι’λξιος
479 394 521 427 etc?

137 458 153 498 1,
165 468 182 494 oo
194 457 302 491 celeberrima
314 456 365 492 verba
377 455 386 490 ὁ
398 458 449 500 αἴρων
462 454 493 499 τὴν
504 453 585 500 ἁμαρτίαν
595 457 626 489 τοῦ
637 453 699 498 κόσμον
709 456 782 490 omittunt
793 461 854 491 tantum
866 469 898 493 non
910 469 976 501 omnes3
987 459 1054 493 Nonnus

90 532 129 556 vero
141 531 172 555 nec
183 521 210 555 hic
221 520 276 555 hahuit
288 531 319 554 neo
331 531 381 566 supra
393 531 419 561 29,
431 520 460 553 ubi
471 520 492 553 ah
505 519 583 554 omnihus
592 524 672 554 tenentur.
790 563 793 569 ι

135 583 154 623 3,
166 588 182 620 1'5
195 584 223 617 ἵνα
233 585 265 621 πᾶς
275 580 285 616 ὁ
297 582 378 617 πιστεύων
389 582 413 617 ἐπ’
426 581 477 617 αὐτόν
492 581 519 626 [μὴ
532 581 611 626 α’πόληται
624 580 663 625 ἀλλ’]
676 581 703 626 ἐχη
715 581 758 627 ζωὴν
770 580 836 616 αλοένιον
849 584 899 618 verba
913 585 976 619 uncinis
992 585 1054 620 inclusa

89 647 185 692 rejiciuntur
196 658 205 681 a
217 647 262 688 LTB;
276 657 296 680 ea
308 657 339 681 nec
351 646 376 681 hio
388 657 420 680 nec
432 652 512 693 sequente
524 657 574 681 versu
585 646 642 680 habuit
652 647 724 681 Νοοοοε,

130 711 153 751 ,51
166 721 182 746 ιιι
193 709 221 743 καὶ
231 708 299 753 ἐζήτουν
311 708 362 743 αὐτὸν
374 708 468 743 ἀποκτεῖναι
476 698 528 744 ιολὶοοι
540 721 549 744 a
561 711 598 745 tro
611 711 702 754 ejiciuntur,
715 711 775 757 quibus
783 710 837 745 verbis
849 712 914 756 ejectis,
928 713 941 746 si
950 713 988 758 quid
996 712 1053 752 rideo,

91 775 107 808 in
120 773 188 808 eandenr
199 774 262 808 ruinam
275 775 290 808 in
302 785 319 810 18
331 772 358 807 oni
373 775 422 807 τοῦτο
436 769 466 807 οὖν
477 774 554 816 μᾶλλον
568 771 635 816 ἐζήτουν
651 772 701 807 αὐτόν
713 775 730 807 oi
742 772 817 808 Ἰουδαῖοι
831 772 923 809 donantem
935 770 1054 821 comparativus

36 880 39 886 „
90 837 157 872 trahitur
166 838 199 881 jam
212 849 244 884 quo
256 838 335 872 referatur
347 838 424 872 incertus,
447 838 488 870 Eum
500 833 633 882 vero'ignoravit
644 842 693 881 poeta
704 850 719 872 r.
732 849 749 874 65
761 849 786 884 sq.
848 837 850 839 ’

336 896 357 934 οὗ
368 898 416 944 χάριν
426 898 498 943 Ἑβραῖοι
510 901 559 945 δολίην
571 897 652 942 μόστενον
665 899 729 946 ὀλέθρῳ
765 908 767 910 ’

336 962 407 1007 Χριστὸν
418 962 528 997 ιὶποιιτανέειν.

134 1027 187 1061 Ibid.
199 1039 217 1064 οι
228 1013 280 1062 re¹rha
291 1027 318 1061 καὶ
329 1029 361 1060 νῦν
374 1027 417 1060 ἐστίν
429 1027 478 1061 omitti
490 1028 506 1061 in
519 1027 606 1073 erangeiiis
615 1027 714 1062 Verceilensi
725 1032 741 1060 et
749 1029 837 1062 Veronensi
850 1028 932 1063 adnotavit
943 1029 1052 1069 Buttmannus,

89 1102 121 1125 neo
133 1102 172 1125 sane
183 1091 218 1132 hic,
230 1092 258 1125 nbi
271 1092 292 1126 de
304 1092 371 1124 mortuis
384 1091 433 1125 divini
445 1090 473 1124 filii
484 1101 525 1124 roce
538 1090 627 1124 excitandis
640 1101 694 1124 sermo
706 1096 739 1130 est,
752 1091 833 1136 quadrare
845 1092 924 1126 ridentur.
937 1093 1004 1126 Nonnus
1017 1092 1053 1138 qui-

90 1156 128 1190 dem
140 1166 171 1189 nec
186 1165 206 1188 ea
217 1154 272 1189 habuit
287 1165 318 1188 nec
331 1165 374 1199 qnae
386 1155 429 1188 male
442 1154 517 1188 membra
530 1154 621 1187 arctissime
633 1154 689 1198 juncta
702 1173 719 1177 —
733 1152 775 1186 ἄλλα
788 1153 895 1197 μεταβέβηκεν
908 1154 926 1187 ἐκ
937 1156 966 1187 τοῦ
978 1153 1052 1188 θανάτου

89 1220 112 1258 εἰς
123 1216 153 1261 τὴν
165 1217 216 1262 ζωήν,
228 1217 253 1251 ὅτι
265 1217 327 1261 ἔρχεται
339 1216 382 1261 ὥρα,
395 1216 421 1251 ὅτε
433 1218 449 1250 oi
459 1217 513 1260 νεκροὶ
522 1236 543 1241 -
555 1222 633 1262 separant
641 1215 683 1259 αμὴν
691 1222 722 1251 etc.
731 1218 792 1262 quippe
800 1217 828 1263 qui
835 1230 850 1252 v.
858 1229 875 1254 ee
884 1229 921 1264 sqq.
930 1219 951 1252 ita
959 1219 1051 1263 scripserit:

244 1282 267 1320 εἰς
278 1281 332 1324 κρίσιν
343 1279 452 1323 ἐσσομένην
464 1282 485 1322 (v.
494 1280 536 1314 male
545 1279 640 1323 ἐρχομένην,·
649 1281 676 1314 cir.
685 1292 699 1313 v.
707 1281 737 1325 τοι)
750 1279 781 1313 οὐκ
792 1280 861 1325 ἔρχεται,
874 1280 907 1315 ἀλλ’
920 1279 943 1315 ἐπ’
955 1281 1017 1325 ἐκιλνην

246 1344 289 1388 ζωὴν
301 1343 397 1388 ἀμβροσίην,
409 1343 440 1387 τὴν
451 1341 471 1377 ον’
483 1342 543 1387 χρόνος
555 1342 599 1377 οἶδεν
611 1342 685 1385 όλέσσαι,

246 1409 296 1448 ἵξεται
308 1407 325 1440 ἐν
336 1406 417 1441 θανάτοιο
429 1405 536 1451 μετάτροπος·
549 1405 630 1450 οἷπροϊδης
641 1405 673 1451 μὰρ

245 1475 285 1514 μαῖα
296 1470 406 1514 παλιμμινέων
417 1469 494 1514 μερόπων
505 1469 603 1509 νιαοοσσόος
615 1469 650 1513 ὥρη

244 1536 294 1575 ἵξεται
305 1533 414 1575 όψιτέλεστος,
427 1533 505 1573 α’νανδέες
517 1532 577 1568 ὁππότε
588 1534 644 1577 νεαροὶ

245 1594 291 1637 αὖτις
303 1596 423 1641 ἐναζησονσιν
436 1598 478 1640 [sicii
491 1596 584 1642 ιἰνοστητοον
596 1595 629 1631 dn&
641 1595 710 1630 κόλπων.

133 1661 153 1700 6,
165 1673 173 1698 1
184 1663 213 1704 της
225 1662 312 1700 Γαλιλαίας
324 1655 389 1706 praeter
400 1663 475 1704 Νοοοοοι
488 1662 535 1696 etiam
547 1663 625 1695 Irenacns
637 1661 697 1706 aliique
709 1661 786 1694 omittunt.
901 1705 903 1708 Α

132 1725 184 1759 thid
198 1737 213 1762 11
229 1731 297 1770 recepta
311 1725 360 1759 tectio
375 1731 417 1766 erat:
434 1724 509 1758 διέδωκεν
521 1726 563 1767 [τοῖς
577 1727 665 1768 μαθηταῖς.
678 1724 694 1756 ολ
708 1723 726 1757 δέ
738 1723 818 1766 μαθηταὶ]
830 1727 864 1763 τοῖς
878 1723 992 1767 ἀνακειμένοις,
1017 1726 1050 1760 Sed

88 1789 138 1824 rerba
151 1789 214 1823 uncinis
226 1789 334 1828 circumdata,
353 1800 395 1834 quae
410 1800 439 1822 cnr
453 1789 514 1822 intrusa
527 1788 585 1822 fuerint
601 1793 676 1832 apertum
690 1793 772 1840 estplnon
785 1788 838 1821 solum
851 1789 918 1822 Nonnos
930 1788 1009 1833 ignoravit
1020 1789 1050 1823 sed

85 1854 135 1897 etiam
147 1853 185 1886 LTB
198 1863 218 1886 er
230 1852 327 1897 optimorum
339 1853 404 1886 testium
416 1852 511 1886 anctoritate
523 1852 624 1886 dolaverunt.

132 1916 182 1950 ibid.
195 1927 222 1955 15,
240 1914 269 1948 uhi
280 1915 329 1959 rotgo
343 1914 391 1957 hodie
402 1915 461 1960 iegitur
476 1913 577 1958 ἀνεχώρησεν
588 1911 646 1947 πόλιν
658 1914 681 1951 εἰς
691 1911 709 1946 τό
722 1911 761 1955 όρος
774 1912 833 1953 αὐτὸς
844 1912 910 1957 μόνος,
929 1916 995 1948 Nonnus
1010 1926 1050 1960 pro-

87 1979 130 2013 tecto
141 1990 172 2014 neo
183 1977 234 2012 πόλιν
245 1989 277 2012 nec
289 1976 339 2016 αὐτὸς
350 1976 400 2021 μόνος
411 1978 475 2017 hahuit;
493 1984 509 2012 et
520 1976 570 2012 πόλιν
582 1979 649 2024 quidem
661 1988 698 2011 cum
711 1977 782 2021 Origene
794 1983 843 2012 testes
856 1979 898 2013 bene
909 1979 954 2012 multi
966 1979 1047 2018 omittunt,

88 2039 138 2081 αὐτός
150 2048 194 2076 oerte
206 2042 253 2077 deest
265 2041 282 2075 in
294 2042 378 2085 evangetio
390 2042 485 2077 Veronensi
497 2041 586 2087 Utrumque
597 2047 652 2082 recte,
665 2040 694 2074 nisi
701 2041 755 2074 fallor:
767 2042 814 2074 iesus
827 2042 875 2082 enim,
888 2042 915 2087 qui
921 2043 955 2086 Jam
967 2042 982 2075 in
994 2049 1048 2076 monte
1085 2088 1088 2091 ,

87 2105 188 2145 versabatur,
200 2106 216 2139 in
228 2105 305 2149 ejrisdem
316 2105 373 2139 Iocum,
382 2105 437 2149 paullo
449 2105 534 2139 editiorem
546 2105 616 2144 secedit,
630 2115 663 2149 quo
676 2104 766 2148 discipulos
778 2115 814 2137 euin
826 2116 858 2139 non
871 2090 958 2139 comitatos
968 2116 1005 2139 esse
1017 2111 1049 2139 tam

87 2174 143 2214 aperto
156 2180 175 2203 ex
187 2168 295 2214 sequentibus
307 2167 368 2212 prodit,
382 2174 400 2202 ut
413 2168 475 2202 sotum
490 2179 527 2202 eum
538 2169 589 2202 suisse
601 2179 634 2201 non
645 2177 716 2200 necesse
728 2173 773 2200 esset
784 2167 827 2201 addi.
852 2168 963 2203 Glossatoreni
974 2168 1000 2202 hic
1012 2179 1049 2203 ver-

87 2238 139 2266 satorn
152 2243 189 2266 esse
201 2232 329 2266 additamentum
342 2231 390 2265 docet
402 2232 464 2265 codicis
476 2233 489 2265 l]
501 2228 547 2264 κάκεῖ
558 2228 663 2274 προσηύχετο.

131 2295 181 2329 ibid.
193 2306 210 2331 eo
222 2295 299 2329 Nonnum
310 2305 342 2327 non
354 2294 444 2334 invenisse,
457 2294 502 2340 qood
513 2294 562 2328 hodic
575 2294 636 2339 ubique
647 2292 705 2338 legitor
717 2293 744 2326 ἴνα
755 2295 789 2325 παν
801 2291 810 2326 ὃ
822 2292 890 2327 δέδωκέν
901 2306 930 2337 μοι
941 2292 963 2337 μη
975 2292 1048 2328 ιἰπολέσιο

86 2357 107 2397 ἐξ
120 2355 191 2398 αὐτοῦ,
204 2358 235 2392 sed
247 2368 285 2391 cum
293 2356 332 2391 cod.
345 2355 408 2400 Β-μὴ
421 2355 494 2390 ἀπολέσω
506 2357 566 2400 μηδὲν
578 2361 655 2392 accurata
667 2355 716 2390 docet
728 2356 836 2401 interpretatio
849 2356 892 2401 όφρα
901 2370 937 2398 κεν,
951 2352 974 2390 ὧν
984 2357 1048 2401 γενέτης

86 2419 125 2465 ἐμός
137 2418 198 2458 ὤπασε,
211 2419 261 2462 μηδὲν
273 2421 312 2464 [sici
325 2431 340 2453 v.
349 2421 391 2454 male
403 2418 463 2463 μηδέν’)
476 2418 541 2454 ὀλέσσα,

130 2483 178 2520 thid.
194 2493 211 2519 οι
226 2482 241 2522 ἐξ
254 2481 301 2525 ὑμῶν
316 2483 332 2517 in
349 2483 401 2518 Nonni
418 2483 459 2517 libro
476 2496 509 2518 non
524 2484 575 2519 tuisse
594 2477 647 2530 argrdt
660 2484 707 2519 etiam
724 2485 768 2519 varia
790 2484 849 2526 sedes,
870 2497 919 2531 quarn
939 2485 980 2520 haec
997 2485 1047 2521 veiha

85 2549 101 2581 in
120 2546 218 2593 quibusdam
237 2546 321 2580 codicibus
338 2551 402 2593 tenent„
421 2546 466 2580 Idem
481 2547 501 2581 de
514 2546 553 2587 τοὺς
567 2546 629 2581 δώδεκα
643 2559 660 2585 70
675 2549 772 2589 dicendum,
787 2549 832 2593 quod
849 2549 896 2583 etiam
910 2549 926 2583 in
942 2560 974 2583 uno
989 2549 1047 2583 codice

87 2612 138 2646 deest.
