2194 2995
47 294 97 350 quam
109 313 119 346 e
132 291 223 337 uastissima
239 300 302 347 gurgite
316 301 395 347 expiscari
409 288 522 345 percontando
533 300 584 334 malis.
606 302 662 346 Itaque
678 311 716 334 cum
730 301 780 342 etiam·
792 300 888 335 nostratium
899 301 1013 346 theologorum
1043 296 1044 300 ¹

47 365 136 400 doctissimi
149 365 187 399 illud
199 363 239 407 μέγα
248 364 310 407 βιβλίον
321 363 362 407 pipo
373 362 424 397 aaran
431 374 500 408 prorsus
508 364 596 409 neglegere
604 364 698 404 uideantur,
711 363 776 398 veniam
784 371 855 408 paratam
864 363 902 398 mihi
910 365 946 398 fore
954 375 1012 410 spero,

46 430 58 463 si
72 440 103 474 ego
115 428 163 462 homo
172 428 230 461 Laicus
242 434 307 462 sanctas
320 428 355 461 illas
368 438 408 472 opes
420 428 488 461 intactas
501 427 581 472 reliquero
593 428 634 461 meis
645 427 697 472 ipsius
710 427 771 461 viribus
783 418 874 462 contentus.

90 493 129 526 Post
136 491 219 526 Heinsium
228 503 276 526 nemo
285 492 306 525 ad
314 491 366 525 Nonni
374 490 481 535 paraphrasin
489 489 590 524 tractandam
598 491 677 530 accessit,
690 491 704 524 si
712 491 803 529 Othonem
811 492 1012 536 Baumgarten-cm-

46 556 94 590 sium
103 555 183 600 excipias,
196 554 222 600 qui
232 555 347 600 «spicilegium
355 553 487 588 observationum
498 554 514 587 in
524 554 614 587 loanneum
625 554 728 598 evangelium
737 565 746 588 e
757 554 810 588 Nonni
821 555 921 600 metaphrasi
932 556 983 589 lenae
996 567 1011 589 a.

45 607 165 654 MDCCCXIV.»
179 618 235 658 edidit,
244 629 294 663 quem
301 618 373 652 libellum
381 627 411 651 neo
419 616 492 650 nancisei
500 616 544 660 potui
552 626 583 649 nec
591 626 668 661 umquam
677 617 713 657 ridi,
722 624 738 651 et
746 618 874 652 Franciscum
880 619 979 653 Passoriu
986 631 1011 660 m,

16 702 19 704 Δ
46 684 93 727 cujus
102 693 122 716 ex
130 681 194 716 schedis
202 682 298 715 Nicolaus
306 680 393 715 Baebius
401 680 461 718 solam,
474 691 517 727 quae
525 679 584 713 nostris
592 679 649 712 usibus
658 681 745 714 commoda
753 686 787 718 est,
796 681 861 725 Lipsiae
872 681 915 714 1934
922 682 1012 726 publicavit

6 781 9 784 ,
46 745 137 779 editionem.
149 744 238 779 Passovius
248 750 265 778 ut
272 744 341 777 Aldinae
352 749 369 777 et
378 743 440 777 codicis
451 742 518 776 Palatini
526 742 621 776 lectionibus
633 743 654 776 ita
667 743 770 787 superiorum
778 744 871 779 criticorum
879 746 977 790 conjecturis
989 746 1011 779 ad

47 807 149 843 emendanda
161 808 213 842 Nonni
224 807 276 842 rerba
287 806 331 840 haud
343 806 445 850 indiligenter
455 816 495 840 usus
507 816 538 840 nec
551 805 604 839 omnia
615 812 669 839 tamen
682 806 703 840 ab
716 807 750 840 aliis
761 808 864 853 maximeque
876 809 1010 843 ahlernickio

22 909 23 913 ,
46 872 103 905 horum
112 875 197 916 poetarum
209 870 305 916 gnarissimo
318 870 382 903 inuenta
393 869 463 913 recepit,
476 874 493 903 et
504 869 539 914 ipse
548 880 601 912 panca
609 875 669 903 tantum
682 881 702 904 ex
714 871 774 911 multis,
787 882 829 916 quae
839 877 908 912 restant,
918 873 1010 907 emendarit

46 954 66 959 -—
80 946 149 980 quorum
161 933 221 968 bonam
233 933 368 978 partemnotauit
381 933 427 981 God.
439 933 563 966 Hermannns
576 932 591 965 in
604 934 670 977 egregia
681 934 786 975 recensione,
800 946 848 979 quam
861 937 881 970 de
894 947 913 970 eo
926 936 967 970 libro
980 948 1010 971 an-

5 1019 7 1022 ·
46 997 111 1033 ualibns
124 996 283 1031 Zimmermannianis
295 1007 309 1030 a.
323 995 365 1029 1834
377 1008 392 1041 p,
401 995 433 1028 987
443 1007 479 1041 sqq.
491 995 594 1029 inserendam
603 996 665 1029 curavit
674 1016 702 1037 ψ,
714 997 843 1043 necquidquam
852 998 873 1032 ad
882 1000 1011 1043 comparandum

46 1063 120 1095 Nonnum
134 1072 170 1095 enm
185 1054 270 1104 evangelio
282 1060 353 1093 contulit.
377 1059 475 1093 adhibuisse
486 1058 502 1092 id
515 1069 533 1092 se
542 1058 687 1093 Constantinus
700 1060 870 1095 Tischendorlius
883 1062 898 1095 in
910 1063 1010 1097 novissimae

47 1124 122 1158 editionis
135 1124 234 1169 praelatione
246 1134 261 1167 p.
274 1124 328 1156 xxxx.
342 1122 430 1167 «singulari
443 1122 509 1156 studion
522 1127 589 1156 testatur
601 1122 675 1167 quidem,
691 1125 799 1168 praetermisit
810 1136 850 1159 vero
865 1126 914 1171 longe
931 1127 1010 1171 plurima,

46 1189 90 1233 qnod
102 1193 156 1221 tamen
169 1186 286 1231 operosissimo
298 1186 338 1219 Nori
351 1185 448 1219 Testamenti
460 1185 611 1230 gloriosissimaque
623 1186 673 1231 equiti
681 1187 749 1221 minime
760 1188 798 1221 uitio
810 1189 891 1222 verterim.

27 1237 30 1243 ⁴
90 1251 148 1284 Contra
159 1251 175 1283 in
186 1249 289 1283 recensenda
304 1249 401 1294 paraphrasi
412 1248 434 1282 ita
449 1249 573 1293 procedendum
585 1255 616 1288 est,
634 1254 651 1282 ut
669 1250 741 1290 criticus,
761 1251 789 1284 ubi
803 1262 851 1296 apuam
863 1252 916 1296 possit
928 1263 1010 1286 summanr

44 1324 81 1347 cum
93 1316 142 1358 po'e'ta
153 1314 189 1358 ipso
201 1312 299 1346 contraxerit
311 1312 439 1352 familiaritatem,
452 1312 574 1346 accuratissime
582 1313 617 1356 ejus
625 1312 677 1346 verba
686 1323 722 1346 oum
732 1314 811 1358 evangelii
820 1314 874 1349 verbis
883 1322 979 1359 componat,
993 1321 1010 1349 nt

44 1377 127 1422 quomodo
138 1377 165 1410 ille
177 1377 192 1409 in
204 1374 388 1424 circumscribendoeo
400 1381 475 1408 versatus
487 1374 508 1408 sit
520 1374 619 1419 penitissime
628 1376 721 1420 perspiciat.
741 1377 780 1410 Feci
792 1388 823 1421 ego
835 1377 852 1412 id
865 1388 902 1411 cum
913 1384 962 1412 antea
973 1385 1008 1413 tom

44 1450 96 1484 nuper
110 1449 170 1473 recens
182 1449 191 1472 a
202 1438 374 1484 Dionysiacorum
390 1438 461 1472 editione
475 1443 523 1483 atque
537 1438 588 1471 Nonni
603 1438 682 1472 rationem
697 1440 718 1472 ita
732 1440 770 1473 mihi
786 1440 843 1474 videor
860 1442 974 1486 perspexisse,
991 1448 1009 1475 ut

44 1503 63 1537 de
76 1503 163 1548 perpaucis
176 1502 272 1547 pusillisque
284 1501 334 1535 rebus
346 1512 407 1545 anceps
420 1512 475 1535 meum
486 1500 554 1535 haereat
563 1501 647 1545 judicium.
672 1503 721 1537 Recte
736 1504 757 1537 de
769 1504 795 1538 illa
809 1505 871 1538 ratione
883 1505 899 1538 in
912 1505 1008 1539 universum

41 1565 119 1611 judicarit
130 1564 242 1598 Melanchthon
253 1568 320 1609 poetam
332 1565 421 1609 proxime
433 1569 526 1598 secutum
538 1575 583 1598 esse
594 1565 735 1612 archetypum,
752 1567 796 1611 quod
810 1567 847 1601 iecit
863 1579 882 1602 ea
896 1559 928 1602 fide
942 1574 957 1603 et
968 1570 1007 1603 reli-

43 1630 98 1674 gione,
111 1634 128 1662 ut
139 1629 211 1673 singulos
223 1639 282 1661 versus
295 1628 315 1661 ad
331 1639 381 1661 unum
397 1638 463 1667 omneS,
479 1638 555 1661 uersuum
571 1634 625 1672 partes
642 1629 791 1676 sententiarumque
808 1631 882 1665 membra
898 1637 964 1677 tantum!
974 1643 1006 1666 non

42 1693 104 1737 ubique
116 1691 175 1726 eodem
187 1691 244 1725 ordine
256 1690 338 1724 redderet.
362 1691 395 1724 Sed
412 1701 443 1724 suo
458 1701 504 1724 more
516 1696 532 1724 et
546 1692 668 1736 repetitionibus
684 1693 751 1737 gavisus
763 1699 788 1727 est
800 1700 815 1728 et
827 1706 958 1741 synonymorum
971 1696 1007 1740 epi-

44 1755 158 1799 thetorunrque
167 1754 305 1800 sesquipedalium
312 1754 420 1788 cumulatione
430 1759 446 1787 et
454 1754 629 1799 circumscriptionibus
636 1756 759 1802 uerborumque
767 1758 841 1791 similium
848 1758 950 1803 amhagibus,
960 1760 1007 1803 cnjus

8 1800 9 1808 i
43 1818 92 1852 nmris
99 1818 191 1862 exemplum
197 1818 292 1851 adscribere
299 1816 357 1851 sufficit
363 1823 427 1862 praeter
432 1817 514 1861 garrulum
520 1817 559 1851 illud
566 1818 708 1853 celeberr-imelda
715 1817 724 1852 ὁ
730 1819 818 1863 ἅνθρωπος
824 1822 927 1856 substitutum
936 1822 960 1862 19,
967 1834 982 1856 v.
989 1833 1006 1858 25

264 1877 309 1922 quide
320 1878 436 1919 ποικιλόνωτος
448 1881 520 1919 ἀναίτιος
531 1881 594 1914 ἵσταται
605 1879 646 1925 clotho

42 1947 95 1990 ipsum
107 1945 175 1985 initium,
188 1945 203 1978 in
216 1945 262 1988 qu'us
274 1944 314 1978 freto
327 1945 373 1978 rides
385 1944 421 1989 ipsa
433 1945 512 1989 evangelii
524 1944 575 1979 verba
587 1946 634 1990 quasi
645 1947 722 1990 naufraga
735 1953 800 1981 natare:

260 2005 340 2050 ’Ὰχρονος
351 2002 382 2050 ἦν,
395 2005 478 2050 diapasoa,
492 2007 513 2040 ἐν
525 2005 589 2053 ἀρρήτῳ
601 2006 658 2050 λόγος
671 2007 727 2053 ἀρχῇ,
795 2010 797 2015 ’

265 2068 336 2112 ἰσοφυὴς
346 2072 431 2113 γενετῆρος
444 2069 521 2114 ὁμήλιμος
531 2069 567 2109 υἱὸς
579 2069 652 2114 ἀμήτωρ,

263 2132 294 2165 saal
306 2131 365 2175 λόγος
377 2132 478 2177 αὐτοφύτοιο
490 2136 531 2168 θεοῦ
542 2132 598 2177 μόνος,
612 2135 629 2168 ia
641 2133 692 2178 φάεος
704 2137 746 2178 φῶς,

262 2194 324 2240 πατρὸς
335 2196 363 2240 ἔην
376 2195 467 2240 ἀμέριστος,
480 2195 556 2242 ἀτέρμονι
568 2196 660 2240 oduaaovos
673 2198 719 2243 ἕδρῃ,

266 2260 298 2293 τοὶ
309 2259 361 2299 θεὸς
372 2259 479 2305 ὑψιμέοτθλος
492 2261 524 2304 t'pn
535 2259 597 2304 λόγος.

41 2324 71 2358 Ubi
83 2336 97 2359 v.
111 2335 118 2360 a
131 2335 150 2358 ex
164 2323 190 2364 ta,
203 2336 217 2357 v.
227 2336 249 2361 ao,
261 2324 290 2365 20,
303 2336 318 2357 r.
331 2334 357 2360 tta
368 2322 431 2367 μόνος
444 2325 502 2370 scripsi
514 2336 544 2369 pro
557 2323 604 2368 φάος,
618 2326 662 2370 quod
676 2326 742 2359 nimium
752 2327 792 2360 lucis
801 2327 859 2360 frustra
871 2327 1002 2372 interpungendo

41 2388 113 2432 mitigare
126 2387 226 2422 studuerunt.
249 2388 303 2432 lpsam
316 2387 405 2421 doctrinam
418 2389 448 2422 etsi
460 2389 577 2423 verbosissime
589 2394 680 2423 enarratam
694 2390 771 2434 religiose
787 2390 865 2430 seruauit,
882 2402 913 2425 nec
930 2391 954 2425 de
966 2402 1002 2424 suo

35 2451 146 2497 ¹quidquam
159 2451 233 2485 addere
246 2461 296 2485 ausus
309 2456 342 2491 est,
361 2451 390 2484 nisi
403 2451 430 2485 uhi
443 2445 470 2485 ¹res
483 2458 559 2486 externae
572 2452 665 2497 simpliciter
677 2453 757 2488 indicatae
769 2453 789 2486 ad
804 2454 923 2487 accuratiorem
940 2454 1002 2487 descri-

40 2515 111 2559 ptionem
124 2514 170 2559 quasi
182 2514 248 2548 inritare
260 2515 359 2555 riderentur,
371 2520 388 2548 ut
400 2515 470 2560 exempli
479 2515 529 2560 gratia
538 2515 555 2556 l,
565 2526 582 2552 aa
591 2516 648 2550 Christi
660 2516 715 2551 cibum
730 2517 821 2550 recusantis
834 2523 897 2562 gestus,
911 2516 928 2556 9,
944 2529 951 2553 1
964 2528 1001 2562 sqq

42 2578 87 2611 caeci
99 2577 167 2611 hominis
179 2583 236 2611 natura
248 2583 264 2611 et
276 2579 345 2618 curatio,
359 2577 388 2618 ll,
397 2589 414 2614 ao
422 2579 482 2612 llariae
494 2579 572 2612 excitatae
585 2590 605 2613 ex
613 2564 657 2614 luctu
670 2586 684 2613 et
696 2580 756 2624 gaudio
769 2580 816 2614 mixta
829 2580 876 2614 animi
888 2590 942 2619 sensa,
955 2579 1000 2621 ibid.

42 2652 59 2677 ao
72 2652 108 2686 sqq.
132 2640 188 2674 Lazari
203 2641 313 2683 resuscitatio,
333 2641 361 2683 te,
374 2653 390 2678 aa
402 2653 439 2688 sqq.
454 2642 507 2676 crucis
523 2643 626 2687 supplicium,
641 2642 672 2680 2l,
687 2654 695 2678 a
708 2654 745 2688 sqq.
759 2643 801 2677 Petri
815 2643 888 2688 piscatio.
912 2643 955 2677 Raro
973 2643 1002 2677 ali-
