2194 2995
456 209 619 242 *mal-

327 308 354 342 καί
365 306 418 351 σοφὸς
428 306 516 350 Ἀνδρείας,
530 306 637 352 ὁμογάστριος
649 307 667 347 ὃς
678 307 716 341 πέλε
728 307 798 350 Πέτρον.

126 373 164 406 Aliis
177 372 221 406 enim
231 371 282 412 locis,
294 372 310 405 in
319 373 378 417 quibus
387 371 440 406 obiter
447 372 514 405 intuenti
522 372 558 416 plus
567 373 649 407 invenisse
657 372 729 413 videtur,
741 383 775 406 rem
783 372 855 407 breviter
862 361 948 407 indicatam
956 373 1045 416 paullulum

79 442 107 483 aut
115 428 193 476 dilatavit,
206 442 224 469 ut
232 435 285 469 statim
293 435 333 469 inira
341 448 356 469 v.
364 448 389 476 τι,
402 445 451 480 quem
459 436 515 469 locum
524 435 572 469 modo
582 436 671 481 adscripsi,
684 436 712 470 uhi
719 441 757 481 post
765 442 867 471 caeterorum
876 437 968 471 universam
976 433 1045 482 mentioss

79 511 117 534 nem
129 499 190 534 diserte
205 499 301 533 Simonem
316 504 372 543 utpote
386 495 452 540 bouario
465 499 586 533 nominarit-
598 499 643 545 quod
655 499 699 533 idem
710 499 747 533 lecit
759 498 777 539 t,
790 511 814 541 ατ,
833 500 855 534 de
871 512 903 546 quo
915 500 952 533 loco
964 500 1044 534 lacunoso

80 574 131 609 supra
143 562 178 607 μδ
190 562 244 596 monui
257 582 287 602 —,
303 567 330 596 aut
341 561 436 607 explicavit,
448 567 465 595 ut
477 561 494 601 6,
507 573 524 599 ao
534 573 561 608 sq.
574 564 684 608 evangelistae
696 563 750 597 verbis
763 563 794 615 hoc
806 564 856 597 modo
867 563 972 609 interpunctis
986 567 1045 600 -ἰιι-
1080 555 1081 558 “

80 624 171 668 στειίσονμέν
183 633 217 664 σοις
229 626 244 658 τί
256 624 322 669 έρμάζῃς
334 626 351 658 oi
361 623 429 667 πατέρες
440 622 486 668 ἡμῶν
498 624 516 659 τὸ
527 624 582 668 μάννα
594 625 655 669 ἔφαγον
667 625 685 659 ἐν
696 629 716 670 τῇ
728 623 781 671 ἐρήμῳ
791 626 908 661 'sententiarum
916 621 975 660 nexum
983 626 1044 661 diserte

79 691 130 725 intulit
141 690 194 723 bunc:

317 752 337 784 Ti
348 750 413 796 πρήξεις
424 743 557 794 προτέροισιν
569 750 657 795 δμοίιον;
670 750 743 795 ἡμέτεροι
754 751 793 796 γάρ

315 815 382 858 αίθέρος
393 814 466 858 ίίφθιτον
477 813 522 859 εἶδαρ
533 814 613 858 έρημάδος
625 815 682 849 ἔνδοθι
693 814 753 858 πέτρης,

314 877 368 921 μάννα
383 877 502 921 τιοίννλήιστον
518 877 634 922 έδοινάσαντο
647 877 696 923 (sici)
708 880 771 920 centies,

79 951 95 979 et
107 944 124 985 9,
137 953 162 984 aa,
174 943 203 977 ubi
216 943 284 987 simplex
296 940 324 981 δὸς
335 942 385 982 δόξαν
397 944 439 975 beot
450 943 570 978 commendavit
582 943 636 977 addito
649 942 667 981 ὅς
678 950 695 975 σε
707 940 771 982 σαρίσας
783 941 874 986 ὀφθαλμῶν
886 943 926 987 πόρε
937 941 1002 986 φέγγος.

124 1008 169 1042 Unus
182 1012 259 1052 superest
270 1006 323 1046 locus,
341 1007 357 1039 in
370 1017 402 1052 quo
414 1006 455 1040 mire
467 1007 539 1050 proiecto
552 1012 626 1041 versatus
639 1013 664 1041 est
675 1010 732 1050 po'e'ta,
750 1012 768 1040 ut
781 1017 843 1060 anceps
856 1019 910 1041 meum
921 1006 989 1055 haereat
999 1008 1043 1051 judi-
1061 1030 1062 1033 η

79 1073 130 1112 cium,
144 1070 262 1104 celeberrimus
274 1069 300 1103 illc
313 1070 340 1115 qui
353 1075 378 1103 est
390 1068 420 1109 21,
433 1081 450 1105 15
459 1081 496 1115 sqq.
506 1071 527 1103 de
538 1070 582 1104 Petri
594 1071 679 1110 missione,
693 1071 718 1104 cui
730 1081 766 1104 cum
775 1082 847 1105 amorem
856 1083 904 1105 suum
915 1076 940 1105 ter
951 1070 1042 1105 testificanti
1075 1117 1076 1120 Ἴ

78 1136 150 1169 Christus
162 1134 215 1178 primo
228 1130 280 1165 Βόσκε
291 1130 311 1165 τά
324 1130 373 1174 ἀρνία
385 1144 418 1175 μον
430 1133 503 1166 secundo
516 1134 596 1176 Ποίμαινε
610 1133 630 1167 τοί
641 1131 715 1176 πρόβατά
726 1146 758 1176 μον
771 1134 817 1168 tertio
830 1133 882 1180 Βόσκε
893 1133 913 1167 τά
925 1131 999 1176 πρόβατά
1010 1146 1043 1175 μον
1088 1123 1096 1178 ¹J

79 1199 148 1244 regerit,
166 1198 200 1241 iam
211 1196 249 1229 mihi
260 1206 313 1240 puero
326 1195 391 1230 Lutberi
399 1194 456 1229 'biblia
470 1197 538 1229 multum
553 1198 625 1231 versanti
640 1197 734 1241 scrupulum
749 1197 803 1241 injecit
815 1198 843 1231 illa
855 1196 947 1243 quaemihi
959 1208 991 1231 non
1004 1198 1042 1231 satis

79 1262 153 1296 distincta
165 1261 252 1295 videbatur
268 1259 343 1304 repetitio
357 1271 388 1294 nec
402 1270 445 1293 nunc
459 1259 493 1293 viro
505 1261 614 1295 recentiorum
626 1259 730 1304 interpretum
743 1267 833 1294 commenta
845 1262 949 1295 satisfaciunt.
973 1261 1042 1306 Egregie

78 1336 118 1360 vero
130 1325 198 1358 Nonnns
211 1323 274 1357 Christo
286 1322 329 1355 hanc
340 1322 410 1367 subjecit
422 1323 541 1367 gradationem:
1010 1326 1014 1331 ’

243 1428 245 1432 Ι
282 1397 296 1419 ν.
317 1398 340 1423 89-
357 1384 405 1428 βάσκε
417 1397 445 1427 μοι
456 1385 540 1429 ἔμφρονας
552 1384 615 1430 άρνας
627 1384 697 1431 ιίσιμάτῳ
710 1385 735 1419 σέο
747 1384 813 1432 ρέάβδιμ7

280 1461 296 1483 v.
314 1460 332 1485 98
354 1447 436 1492 ἡμετέρων
447 1449 523 1490 ττοίμαινε
534 1447 608 1491 νοήμονα
618 1450 663 1483 αιίια
674 1448 749 1492 μήλων.

281 1525 296 1547 v.
304 1524 330 1549 los
354 1511 422 1555 edocuip
434 1512 509 1554 αοίμαινε
521 1511 612 1554 notatarum
623 1515 673 1555 μῆλα
685 1512 717 1545 aot
728 1511 796 1554 ἐέρνας.

76 1579 163 1623 ingeniose
172 1577 255 1622 profecto,
267 1576 298 1610 nisi
306 1575 332 1609 hic
340 1577 386 1611 tertio
394 1577 432 1610 loco
438 1577 472 1619 jam
480 1575 496 1608 in
505 1586 536 1609 suo
547 1575 605 1611 codice
617 1576 676 1610 invonit
687 1576 779 1617 notescere
791 1573 810 1608 τά
821 1574 896 1619 πρόβατα
907 1575 939 1609 καί
950 1575 973 1609 τί,
984 1574 1042 1619 cipeto

77 1654 114 1685 μου.
139 1641 173 1675 Sed
190 1652 228 1674 eum
240 1646 258 1674 ut
270 1641 323 1685 potius
335 1640 400 1685 ingenio
413 1651 443 1673 suo
455 1638 542 1673 indulsisse
556 1640 652 1679 existimem,
665 1644 730 1672 movent
742 1649 767 1672 me
779 1640 813 1683 ejus
826 1650 922 1679 versuslto·
934 1650 966 1684 sq„
982 1635 1041 1686 quibus

76 1706 119 1740 hanc
131 1705 242 1739 narrationem
255 1703 344 1741 conclusit,
360 1714 430 1749 quorum
441 1713 518 1736 versuum
533 1713 564 1735 nec
576 1703 613 1736 vola
625 1713 656 1736 nec
667 1702 751 1746 vestigium
763 1702 778 1735 in
791 1703 875 1747 evangelio
888 1701 965 1748 apparet:

247 1778 248 1781 ¹
270 1766 297 1799 ααὶ
308 1767 366 1809 σοφίης
377 1764 458 1808 πλήθοντι
470 1763 509 1803 bede
520 1763 569 1798 πάλιν
581 1763 636 1798 levem
649 1755 716 1810 Πέτρῳ·

271 1828 343 1872 σάρνας
355 1827 415 1872 έμοὺς
426 1829 521 1870 ποίμαινε
533 1826 652 1871 σαόφρονας
664 1826 740 1861 decent
751 1828 839 1871 βίβλωνν

121 2021 156 2054 Ηοο
165 2030 205 2053 vero
218 2029 274 2058 versu,
288 2018 326 2053 viri
339 2018 461 2059 Gravissimi,
475 2019 521 2063 qnasi
531 2018 579 2051 etiam
588 2017 650 2052 Vobis
661 2016 742 2061 nobisque
753 2017 795 2050 dicto
805 2018 838 2061 jam
847 2018 867 2052 ad
876 2028 912 2052 eam
921 2028 1040 2057 remrevocor,

77 2085 123 2129 cujus
132 2094 183 2118 causa
192 2088 226 2117 toto
234 2082 276 2116 baec
285 2082 351 2126 scriptio
359 2087 437 2126 suscepta
446 2088 478 2120 est,
488 2081 511 2114 ad
523 2087 567 2114 vota
577 2092 612 2125 pro
620 2082 669 2115 Vest
677 2090 711 2113 rac
719 2079 861 2114 Universitatis
873 2082 939 2114 salute
949 2081 983 2124 pie
993 2094 1042 2116 nun-

76 2148 174 2193 cupanda,
193 2147 239 2186 Quae
249 2150 287 2179 vota
296 2146 349 2191 qualia
358 2145 459 2191 potissimum
468 2155 506 2178 esse
515 2144 593 2184 debeant,
603 2156 622 2178 ex
631 2144 658 2185 iis,
667 2154 710 2189 quae
718 2143 767 2178 libelli
775 2144 817 2179 initio
826 2145 847 2179 de
856 2144 965 2179 Universitatis
974 2146 1041 2179 vestiae

76 2211 133 2245 studiis
143 2221 234 2255 eorumque
247 2220 284 2243 cum
296 2214 352 2243 nostra
363 2208 448 2254 republica
461 2208 559 2242 commercio
571 2208 587 2241 in
599 2207 693 2242 memoriam
705 2207 789 2247 revocavi,
803 2209 849 2253 quasi
863 2219 892 2242 sua
905 2213 962 2253 sponte
975 2208 1041 2243 elucere

77 2275 113 2320 quis
121 2286 154 2309 non
162 2273 218 2307 videt?
237 2274 265 2307 His
275 2273 318 2306 enim
326 2272 426 2317 temporibus
435 2277 451 2305 et
459 2272 501 2316 volgi
510 2271 602 2315 praeconiis
611 2271 690 2305 celebrari
699 2276 715 2303 et
723 2271 792 2315 publicis
801 2271 899 2317 privatisque
907 2271 983 2316 praemiis
992 2271 1042 2306 adov-

76 2338 110 2372 nari
120 2348 169 2382 quom
178 2337 263 2371 videamus
272 2337 306 2370 lere
314 2336 359 2370 solas
368 2347 396 2370 eas
405 2341 466 2376 artes,
480 2345 522 2379 quae
531 2334 547 2368 id
556 2340 616 2368 tantum
625 2339 680 2379 agunt,
692 2339 782 2368 ornaturae
791 2334 851 2368 viribus
861 2334 955 2379 subigendis
965 2341 981 2368 et
988 2341 1041 2370 terrae

76 2401 136 2446 opibus
149 2400 244 2434 cllodicndis
258 2400 341 2434 bominum
357 2399 450 2446 quotidiano
468 2399 504 2432 usui
521 2399 664 2443 voluptatibusque
675 2398 768 2438 inserviant,
783 2409 812 2432 nos
823 2400 856 2443 Jam
868 2398 992 2433 Universi'tatum
1004 2411 1042 2444 pro·

76 2466 148 2499 sessores
161 2473 181 2497 ac
197 2464 288 2507 magistros.
299 2475 336 2498 cum
351 2463 421 2497 maxime
433 2462 481 2497 dccet
493 2463 573 2508 iuratque
586 2472 622 2495 eam
638 2461 742 2496 scientiam
757 2467 773 2495 ot
786 2455 863 2496 excolere
878 2463 923 2507 ipsos
939 2467 955 2495 et
970 2463 1041 2497 edocere

76 2528 200 2567 adolescentes,
215 2537 264 2571 quoe,
277 2528 338 2562 sivein
351 2527 408 2561 divinis
421 2525 528 2571 humanisque
541 2528 575 2561 sive
588 2526 603 2560 in
615 2525 715 2560 naturalibus
729 2531 802 2559 versetur
811 2526 862 2560 rebus
874 2525 989 2570 investigandis
1002 2515 1042 2570 ape-

76 2591 138 2625 riendis
149 2589 258 2629 illustrandis,
276 2590 311 2624 solo
322 2591 394 2625 veritatis
408 2600 463 2623 amore
476 2590 542 2623 incensa
554 2590 570 2624 in
582 2601 600 2624 se
615 2600 677 2636 suaque
690 2589 747 2623 virtute
758 2588 807 2623 linem
818 2589 900 2624 bonorum
911 2589 961 2623 habet
972 2590 1041 2624 invidiae
