2194 2995
476 165 587 201 ..19-

27 261 28 265 ¹
69 271 73 298 ἱ
91 266 121 308 ta,
134 277 151 303 ao
162 258 204 313 sqq.¹
217 266 245 301 ubi
257 266 319 311 variant
329 266 377 313 libri,>
385 264 508 301 Nonnushunc
518 261 585 308 loannis
596 272 658 302 textum
670 272 747 301 accurate
757 266 848 315 expressit:
861 264 887 307 ὅτε
899 260 930 300 οὖν
942 265 1015 310 ἐξῆλθεν,

47 327 111 373 λέγετὸ
121 328 183 373 Ἰησοῦς
193 332 232 364 Νῦν
244 328 325 373 ἐδοξάσθη
337 327 346 363 ὁ
357 328 393 368 οἷὸς
404 330 435 363 τοῦ
446 327 541 373 άνδράκον,
553 329 580 363 καὶ
591 327 600 363 ό
612 328 652 369 θεός
664 327 746 373 ἐδοξάσθη
758 329 775 363 ἐν
785 328 835 376 αὐτῷ.
847 329 862 363 εί
872 329 894 380 δὲ
905 327 966 368 doado
978 328 1016 372 ἐδο-
1035 377 1037 379 q

15 413 17 417 ν
48 392 101 437 ξάσθη
113 393 131 427 ἐν
142 392 193 439 αὐτῷ,
205 386 232 426 καὶ
244 390 253 426 ὁ
264 391 304 432 θεὸς
316 390 380 434 δοξάσει
391 389 450 434 αὐτόν,
462 392 527 428 omissis
537 404 581 439 quae
590 394 606 428 in
616 395 649 443 fine
658 393 721 439 ubique
731 383 813 427 adduntur
824 393 841 427 ἐν
851 390 912 439 ἐαυτῷ,
923 393 950 427 καὶ
961 391 1014 432 εὐθάς

47 456 113 498 δοξάσει
124 456 182 499 αὐτόν,
200 458 245 503 quod
256 457 387 495 ,additamenum
400 467 432 491 nec
444 449 534 502 quidlruam
547 457 585 490 novi
597 457 680 491 continere
693 463 709 491 et
720 456 768 491 facile
780 467 801 490 err
813 454 949 503 antecedentibus
960 457 1014 508 repeti

46 521 121 566 potuisse
131 520 176 555 hand
187 520 298 565 improbabilis
310 520 374 555 videtur
386 520 464 565 suspicio,
487 516 510 554 Ita
525 520 720 556 etiam'statimaaillud
734 517 807 563 ζητήσετέ
823 531 851 563 με,
869 520 916 566 quud
932 530 952 554 ex
967 519 984 561 7,
997 530 1015 556 3ο
1053 529 1055 532 ·

46 584 128 619 sublatum
138 574 165 618 hio¹
177 585 293 619 sententiarum
304 583 379 618 ordinem
390 583 482 628 paullulum
492 583 599 627 interrumpit,
613 593 622 617 a
633 588 685 627 poeta
695 583 783 628 ignoratur,
928 625 929 629 χ
940 623 941 632 ³

8 634 9 637 Ἴ
92 646 121 689 16,
134 659 151 685 ρο
163 652 224 682 tantum
235 647 292 682 habuit
302 648 333 680 νῦν
345 647 413 689 οἴδαμεν
424 644 450 680 ότι
461 644 482 680 ον’
493 646 549 690 χρείαν
560 645 601 690 ἔχεις
612 647 640 679 toa
651 646 675 685 τίς
687 653 704 680 σε
716 645 768 692 ἐρατᾷ
782 646 849 681 omissis
861 657 904 692 qnae
915 646 965 692 vulgo
976 652 1015 691 post
1057 692 1061 699 ι

47 709 72 744 ὅτι
83 699 158 756 leguntur
170 708 217 749 οἶδας
227 708 281 744 πάντα
292 709 326 752 καί,
339 721 382 756 quae
394 710 446 745 verba
457 710 471 744 si
483 710 577 754 simpliciter
588 714 692 754 spectantur,
709 710 762 754 potius
777 709 820 744 hanc
832 710 930 745 contrariam
941 710 972 744 sibi
984 709 1014 744 ad-

46 775 88 809 necti
103 774 199 809 sententiam
214 774 298 819 postulare
313 774 388 809 videntur
402 772 422 807 οό
434 773 489 817 χρείαν
502 772 542 816 ἔχεις
553 773 581 806 λ’να
595 770 618 806 σά
632 785 677 806 τινα
688 771 769 818 ἐρωτᾷς.
793 773 857 814 Quodsi
868 784 984 819 comparamus
996 759 1014 811 to

46 836 87 881 ἐ’μνω
99 833 130 871 οὖν
141 835 150 871 ό
162 836 225 881 Ἰησοῦς
238 835 263 870 ότι
277 835 338 881 ἤθελον
352 835 404 871 αὐτόν
417 837 487 880 ἐρωτάν,
504 836 530 871 cui
542 836 631 871 curiositati
643 835 709 871 obviam
720 837 771 871 iturus
782 843 834 871 totum
843 837 910 872 instituit
920 848 1013 872 sermonem

46 912 106 942 ιιι-νο,
119 901 156 936 nihil
168 901 242 946 prolecto
254 901 364 941 inbreviare,
378 900 506 947 qualeNonnus
517 893 592 939 exhibet,
605 899 724 945 dlscipulorum
735 910 816 945 responso
830 900 966 941 desiderabimus.

91 965 120 1006 17,
132 976 167 1002 1-3
178 965 211 999 hoc
222 964 272 998 modo
284 964 351 998 Nonnus
362 963 448 998 illustravit
459 975 474 998 v.
486 974 494 999 a
504 974 541 1009 sqq.

178 1025 219 1061 «uio
229 1026 279 1060 κάλον
290 1025 357 1060 κάδαινε
368 1024 414 1067 τεόν,
426 1024 485 1068 πάτερ,
497 1023 519 1065 οἱς
530 1024 580 1068 κόρες
591 1023 636 1071 αὐτῷ

176 1089 236 1134 σαρκός
248 1088 286 1133 ὅλης
297 1089 364 1134 βροτέης
375 1088 479 1133 κρομνήσιον
489 1086 591 1132 ἡνιοχεόειν·

176 1152 258 1198 βούλομαι
269 1155 293 1187 εἰν
300 1152 328 1186 ’ἑνὶ
339 1151 409 1194 πάντας,
422 1151 472 1192 όσονς
483 1150 533 1196 [ὅσοις
544 1152 602 1187 vitiose
613 1152 687 1197 Passov.)
699 1149 751 1197 κάρος
762 1150 829 1193 άκασας
840 1151 898 1195 αὐτός,

177 1216 220 1260 ζωὴν
231 1216 318 1259 θεσπεσίην
330 1214 398 1250 αλοίνιον
409 1213 537 1258 ἀμφιπολεύειν,

177 1279 221 1324 όφρα
233 1288 250 1313 σε
261 1278 353 1323 pertonant
363 1277 405 1313 δεόν
416 1276 470 1322 μόνον
481 1279 538 1312 traina
549 1277 612 1322 κόσμον

176 1343 203 1377 καὶ
214 1341 260 1385 τεόν,
272 1341 292 1377 ὃν
303 1341 383 1387 προέηκας
395 1341 420 1376 ἐπὶ
431 1341 493 1386 χθόνα,
504 1341 576 1386 Χριστόν
586 1340 669 1385 Ἰησοῦν.»

41 1409 88 1442 Patet
105 1418 142 1442 enm
155 1407 199 1441 hunc
214 1406 293 1451 evangelii
308 1411 370 1454 textum
383 1406 435 1440 trihus
450 1405 564 1440 additamentis
577 1406 647 1440 liberum
661 1406 748 1441 hahuisse:
767 1404 829 1450 Πάτερ,
848 1405 918 1447 δόξασόν
933 1414 964 1441 σον
978 1405 1009 1441 τόν

40 1470 85 1509 vido,
97 1470 153 1510 καλιάς
164 1469 225 1510 ἔδωκας
237 1467 282 1516 αὐτῷ
293 1469 369 1510 ἐξουσίαν
379 1468 433 1513 κάσης
444 1468 512 1513 σαρκός,
525 1470 552 1503 ίνα
563 1471 605 1511 πᾶν,
617 1468 627 1503 ὃ
638 1468 709 1509 δέδωκας
720 1467 770 1515 αὐτῷ,
783 1468 815 1514 ἔχη
828 1471 872 1513 (cum
884 1471 921 1505 cod.
933 1471 953 1514 D)
966 1469 1009 1513 ζωὴν

41 1532 116 1576 ardoino,
128 1535 155 1568 ίνκ
166 1532 267 1577 χινελσκωσιν
277 1532 294 1567 σὲ
305 1532 335 1567 τόν
346 1531 398 1576 μόνον
408 1531 489 1576 ἀληθινόν
498 1532 540 1566 θεόν
551 1532 578 1566 καί
590 1531 610 1566 ὃν
622 1531 715 1572 οίιιίστειλας
725 1531 789 1576 Ἰησοῦν
799 1531 876 1576 Χριστόν.
888 1535 954 1569 Erraret
964 1545 1009 1573 uero,

41 1598 69 1644 qui
81 1604 109 1633 aut
120 1608 141 1632 ex
152 1597 237 1642 evangelio
249 1597 265 1631 in
273 1598 352 1636 nonnum
364 1609 378 1631 v,
390 1607 399 1633 5
411 1595 456 1642 αὐτῷ
468 1602 495 1631 aut
507 1608 527 1632 ex
536 1586 741 1642 Nonnoinevangelium
752 1594 802 1635 αότός
815 1597 874 1632 inferre
886 1593 939 1633 vellet.

84 1660 136 1695 Ibid.
149 1670 164 1696 ιι
177 1671 202 1705 sq.
214 1659 257 1694 haec
267 1666 329 1694 tantum
340 1660 404 1694 habuit:
418 1657 468 1702 κάτερ
480 1658 523 1702 όίχιε,
535 1657 606 1704 τήρησον
617 1657 679 1699 αὐτοὺς
690 1658 712 1693 ἐκ
722 1661 758 1693 τοῦ
768 1662 873 1703 πονηροῦ,
893 1661 921 1695 ἵνα
938 1657 978 1695 οἷσίν
990 1662 1010 1695 ἓν

39 1722 96 1762 καθεὶς
107 1721 156 1766 ἡμεῖς.
165 1721 191 1757 ὅτε
202 1721 246 1766 ἤμην
258 1721 290 1766 μετ’
302 1721 361 1765 αὐτῶν,
374 1721 405 1766 ἐμά
417 1721 479 1762 αὐτοὺς
490 1722 572 1765 ἐφύλαξα,
583 1723 612 1757 καί
623 1721 677 1762 οὐδεὶς
689 1722 705 1764 ἒξ
716 1721 770 1757 αὐτῶν
782 1722 860 1758 dudleia
874 1725 935 1764 Verba,
948 1726 964 1759 in
972 1727 1009 1771 qui-

39 1788 71 1822 hus
84 1799 114 1833 per
125 1798 144 1821 se
156 1787 233 1832 spectatis
245 1786 283 1820 nihil
294 1773 343 1821 lideo
356 1787 400 1832 quod
413 1787 524 1833 desideretur,
541 1787 676 1832 interpolatorum
690 1797 747 1822 manus
764 1793 832 1834 experta
843 1799 882 1823 esse
895 1789 930 1835 ipse
941 1789 1007 1823 testium

40 1851 125 1886 dissensus
137 1850 197 1896 prodit.
221 1850 421 1885 Nonnicorum'versuum
433 1849 496 1894 priores
507 1847 596 1891 emendate
607 1850 697 1885 adscribo:

305 1933 328 1938 -
371 1932 394 1938 —
441 1934 460 1940 —-
506 1933 528 1939 -
563 1911 605 1961 α’λλά
619 1912 696 1957 μαθητάς

261 1974 348 2020 ἡμετέρους
360 1974 380 2009 ud
393 1974 467 2019 φύλαξον
479 1974 575 2019 ὁμόφρονας
586 1975 655 2010 ἔκτοθεν
667 1975 723 2020 άτης,
747 1981 749 1985 ’

261 2041 339 2083 δαίμονος
350 2038 446 2075 άντιττάλοιο
457 2042 599 2085 κροασττιστηρας
611 2031 700 2084 ἱμάσθλης,

261 2101 369 2147 duciacinse,
382 2102 402 2137 σό
415 2102 488 2147 φύλαξον
500 2101 596 2147 ὁμόφρονας
608 2102 677 2138 ἔκτοθεν
688 2102 736 2147 άτης

38 2167 92 2213 (vulgo
104 2167 128 2201 his
140 2164 202 2209 αὐτῆς
213 2166 234 2201 ab
246 2167 337 2202 Hermanno
354 2167 460 2202 emendatum
471 2173 487 2201 et
497 2168 637 2210 κροασκιστῆρος
648 2165 719 2212 legitur),
734 2173 752 2201 ut
763 2178 797 2213 quo
805 2169 843 2213 jure
858 2167 876 2202 ἐκ
887 2171 916 2203 τοῦ
929 2171 1004 2213 κονηρού

36 2230 110 2265 Nunnico
121 2229 206 2274 evangelio
220 2229 335 2264 vindicaverim
348 2224 438 2276 intelligas:
451 2231 486 2275 jam
501 2231 544 2265 enim
560 2231 636 2265 conferas
651 2231 691 2266 infra
707 2242 724 2268 ιε
734 2233 829 2271 ,ίοοοοεοαι
845 2230 879 2267 ἀλλ’
894 2234 921 2267 ίνα
935 2232 1007 2279 τηρήσης

37 2291 99 2332 αὐτοὺς
110 2292 130 2326 ἐκ
141 2293 177 2326 τοι]
188 2295 276 2336 πονηροῦ
288 2304 325 2327 curu
338 2295 391 2328 Nunui
402 2293 478 2328 versibus
490 2304 507 2330 5ο
520 2305 545 2340 sq.

292 2354 325 2389 ἀλλ’
338 2357 365 2389 ἵνα
376 2369 405 2399 μιν
417 2343 523 2400 βλεφάροισιν
535 2355 637 2401 άνοιμητοισν
649 2356 724 2402 φνλάξης

291 2419 369 2462 δαίμονος
381 2417 476 2463 ἀρχεκάκοιο
488 2418 594 2465 δοσαντήτων
605 2419 637 2455 α’κό
650 2422 723 2465 δεσμῶν,

2 2478 4 2482 ’
35 2483 86 2516 Recte
97 2482 140 2516 enim
151 2482 220 2523 δεσμῶν
230 2482 317 2516 Nausius
330 2483 400 2528 conjecit
411 2494 441 2528 pro
453 2483 519 2529 vulgato
530 2486 606 2527 δεσμῶν.

79 2545 113 2580 Sed
124 2545 140 2579 in
152 2556 202 2591 quem
210 2545 245 2589 jam
255 2546 318 2580 delatus
331 2556 368 2580 sum
379 2547 441 2586 locum,
456 2547 477 2581 de
492 2557 512 2581 eo
527 2548 596 2593 amplius
611 2548 704 2583 dicendum.
721 2548 789 2583 Nonnus
801 2549 844 2584 enim
858 2560 890 2584 nec
903 2560 967 2584 versum
982 2559 1000 2585 rc
