2194 2995
411 213 601 247 '»-ii-

108 313 137 352 14,
150 323 159 348 n
168 312 241 358 legitimi
249 311 292 346 ὅπου
299 309 356 355 ὑπαίχω
365 313 419 346 οίθατε
427 310 457 354 τήν
465 310 506 346 ὁδὸν
514 313 564 359 idque
572 313 644 348 breviter
652 312 733 357 expressit
740 322 771 356 per
778 309 828 354 Ἐμήν
836 308 876 344 toll
883 311 918 344 ’ίστε
925 310 953 344 ταί
961 309 1013 346 αὐτοί.

111 376 139 417 15,
152 388 170 413 aa
182 374 191 409 ὁ
203 373 305 419 παράκλητος
317 376 407 421 etiamper
418 377 483 417 πνεῦμα
494 377 582 421 expressit,
600 377 647 422 quod
663 376 757 420 simpliciter
772 387 805 409 non
817 374 913 417 additorrlg
925 372 1003 417 ἀληθείας
1014 375 1030 408 in

62 439 169 486 sequentihus
185 439 228 484 legit.
252 440 290 475 lice
305 450 351 474 versa
365 437 422 480 i6,13
440 450 470 483 pro
482 426 550 478 ἐκεῖνος,
567 438 586 473 τὸ
602 442 667 483 πνεῦμα
680 441 710 482 τῆς
725 436 802 481 ἀληθείας
819 439 931 473 tantummodo
945 436 1030 481 παράαλη

61 515 90 541 τος
101 502 160 547 posuit.

109 565 137 607 i6,
150 577 167 602 na
180 564 201 599 ίίν
212 577 228 598 τα
239 564 313 610 αἰτήσητε
324 552 353 599 τὸν
364 563 426 607 πατέρα
438 564 458 598 ἐν
469 567 496 610 τῷ
508 563 597 607 ὀνόματί
608 578 654 607 μον,
668 565 726 600 Ultima
734 565 785 599 verina
793 565 864 610 epitheto
873 565 975 600 continentur
984 577 999 600 r.
1011 576 1028 602 aa

231 672 240 675 Ἃ
330 627 371 662 ὅσσα
382 627 413 670 γὰρ
426 626 501 672 αίτήσητε
512 627 615 674 θεοπλήτῳ
626 629 658 662 τινί
670 631 722 674 φωνή.

63 693 138 728 Similiter
149 692 189 727 inira
201 705 216 727 v.
228 703 246 729 or
257 704 282 739 sq.
349 679 351 685 Ἠ

328 755 361 788 Καὶ
372 753 413 788 θεὸν
425 752 499 797 αἰτήσητε
511 753 643 788 πολύλλιτον
654 753 704 798 ήματν
715 755 761 801 αείνῳ

329 816 406 861 εὐχωλαῖς
418 816 485 862 ὁσίησν
496 817 546 863 (sici).

107 882 134 923 ii,
148 893 163 919 ti
176 876 282 916 unledaim
293 882 331 924 εἰμί
343 881 363 915 ἐν
374 884 400 927 τῷ
411 879 485 927 πότμῳ,
494 875 525 915 ¹¹aad
537 877 582 915 οὑτοι
594 881 613 914 ἐν
623 884 647 927 τῷ
657 880 713 927 κόσμῳ
726 881 770 922 εἰσίν,
781 880 826 925 πνίχὺ
837 881 879 926 πρὸς
890 880 908 914 σε
920 881 985 925 ἔρχομαι
997 882 1028 917 ha-

61 947 95 981 huit
107 947 161 981 omnia
173 953 189 981 et
200 946 280 983 reddidit,
293 946 324 980 scd
335 946 401 980 liberius
413 957 429 979 v.
441 956 459 981 en
471 956 497 990 sq.

283 1006 344 1055 chpp
356 1006 371 1043 δ’
383 1010 399 1042 o‘i
411 1007 441 1051 μὲν
452 1007 506 1050 ἔασον,
519 1007 550 1051 ἐγὼ
562 1007 579 1045 δ’,
588 1007 621 1051 ίίρα
632 1012 692 1050 χαῑαν
704 1007 761 1047 ἑνίσας

282 1071 323 1115 πρὸς
335 1071 359 1113 σε’,
371 1070 429 1116 πάτερ,
441 1073 540 1116 παλίνορσος
551 1070 643 1114 ἐλεύσομαι.

106 1135 134 1177 18,
146 1147 155 1172 ν
169 1134 223 1169 πάντα
234 1134 254 1169 τοί
266 1133 349 1179 ἐρχόμενα.
374 1137 415 1179 rlpte
427 1135 509 1169 substituit
519 1134 611 1177 μέλλουσαν
622 1134 701 1178 ἀνάγκην,

104 1200 155 1234 Ihid.
167 1211 185 1236 39
197 1199 214 1233 ἓν
225 1201 249 1244 τῷ
259 1198 313 1242 πάσχα
325 1199 429 1233 commutavit
441 1209 478 1232 cunr
489 1197 558 1241 πάτριόν
570 1198 614 1231 ἐστιν
626 1198 713 1241 ἐτήσιον.

105 1262 134 1304 19,
147 1273 165 1299 rt
175 1258 197 1305 ήν
209 1261 226 1296 δὲ
238 1260 331 1305 παρασαενή
343 1263 373 1295 τοῦ
384 1259 439 1304 πάσχα
450 1262 493 1295 adeo
505 1263 597 1296 accuratius
609 1261 694 1296 illustrarit
706 1273 721 1295 r.
733 1272 758 1297 oc:

301 1324 349 1368 ’Ἐπτη
361 1323 376 1359 δ’
387 1324 408 1368 ἣν
420 1324 496 1359 ἐνέπουσι
507 1324 621 1369 προσήββατος
633 1325 718 1369 ’ἔτρεχεν
729 1323 771 1368 riuis,
803 1340 804 1343 ¹

58 1390 87 1424 uhi
97 1388 159 1433 ἔτρεχεν
171 1401 201 1434 pro
214 1399 243 1430 eo,
255 1390 302 1435 quod
312 1390 361 1434 vulgo
374 1389 432 1433 iegitur
445 1388 509 1431 ἔπλετο,
520 1390 554 1433 jam
565 1390 627 1424 dudum
639 1390 733 1424 emendavit
744 1389 846 1424 Hermanuus
859 1389 909 1434 Orph.
921 1401 937 1434 p.
951 1388 989 1423 sto,

102 1453 153 1487 ibid.
165 1464 182 1489 la
194 1451 288 1494 παρέδωκαν
299 1453 366 1486 -ira
379 1455 488 1497 σταυρωθῇ
500 1454 583 1498 eleganter
595 1453 662 1487 mutarit
673 1453 688 1485 iu
701 1450 761 1497 ὑθίπῳ
772 1450 866 1496 παρέδωκεν
878 1451 963 1499 ὀλέθρῳ,

103 1517 142 1550 Aliis
154 1516 195 1550 locis
207 1528 275 1561 prorsus
288 1517 340 1550 otiosa
352 1527 362 1551 a
373 1517 431 1550 Nonno
440 1516 541 1561 ignorantur,
553 1523 571 1550 ut
584 1515 600 1557 1,
609 1528 627 1552 52
638 1516 666 1558 παὶ
677 1515 720 1558 λέχεα
731 1513 775 1561 αὐτῷ
787 1517 803 1550 in
814 1517 869 1550 media
877 1516 934 1550 Christi
943 1518 1025 1559 oratione3

59 1581 74 1621 7,
87 1591 102 1616 11
115 1580 142 1612 ναί
154 1578 217 1622 ἔλεγον,
233 1585 320 1625 postquam
335 1577 403 1622 ἐζήτουν
414 1591 445 1624 per
458 1580 504 1623 φιλίη
520 1578 602 1621 μάστεπον
617 1577 680 1623 ἀνάγκη
694 1580 830 1624 circumscripsit3
846 1580 895 1615 ibid.
906 1591 924 1617 ue
937 1578 957 1614 δι’
969 1578 1025 1614 αὐτόν.

58 1645 103 1678 Haec
111 1652 144 1688 ‘pro
157 1642 236 1687 exemplis
249 1643 335 1676 sufficiant!

103 1707 137 1740 Sed
146 1707 180 1750 Jaru
192 1706 214 1740 ad
226 1705 271 1749 ipsos
283 1706 330 1739 iocos
342 1705 445 1743 accedimus.
458 1705 474 1739 in
486 1706 545 1751 quihus
559 1707 627 1740 Nonnus
640 1706 721 1750 evangeiii
732 1707 799 1740 ioannei
808 1707 897 1740 orationem
905 1707 942 1751 plus
950 1707 1025 1741 minusne

57 1771 158 1809 breviorem,
172 1780 221 1814 quam
233 1770 299 1814 qualem
310 1781 353 1804 nunc
361 1770 423 1804 habere
431 1770 514 1807 solemus,
527 1769 588 1815 legisse
600 1769 669 1804 ridetur.
680 1770 743 1803 initium
754 1770 796 1804 iacio
808 1769 829 1803 ab
841 1770 860 1803 iis
872 1770 920 1810 iocis,
933 1771 1024 1815 dequibus

59 1834 107 1868 etiam
118 1833 232 1878 theologorum
245 1833 356 1867 auctoritatem
370 1833 408 1866 mihi
422 1844 455 1867 nou
469 1834 593 1868 adversaturum
605 1844 665 1877 spero,
683 1834 719 1867 ubi
735 1833 856 1868 decurtatus
874 1835 938 1868 Nonni
954 1839 1024 1869 textus

57 1898 115 1932 eliam
127 1897 151 1931 ah
164 1896 209 1929 aliis
221 1896 310 1930 testibus
322 1896 447 1940 agnoscitur.
465 1897 536 1930 Primum
547 1897 596 1942 hujus
608 1897 673 1942 generis
684 1897 740 1931 iocum
752 1902 796 1931 tenet
808 1897 914 1932 celeberrima
923 1898 944 1931 de
956 1898 1024 1932 muliere

56 1960 130 1994 adultera
143 1960 214 1993 narratio
229 1958 246 1998 7,
258 1958 323 1998 53-8,
336 1971 361 2000 11,
378 1970 427 2004 quarn
442 1970 479 1993 cum
493 1965 517 1994 tot
531 1960 565 1994 aliis
578 1960 647 1995 testibus
660 1960 708 1994 ctiam
719 1962 786 1995 Nonuus
798 1961 870 2005 ignoret,
883 1972 915 2006 qua
927 1962 949 1995 de
960 1972 978 1995 re
990 1974 1024 1996 non

56 2034 98 2070 opus
111 2030 136 2058 est
147 2023 237 2068 quidquam
249 2023 324 2057 addatur.

20 2076 23 2081 ’
100 2089 124 2121 De
140 2086 199 2121 ceteris
215 2086 256 2120 locis
272 2086 364 2121 accuratius
380 2086 472 2121 dicendum⁴
496 2088 519 2121 Ita
533 2089 585 2122 statim
599 2087 618 2129 1,
630 2099 648 2125 nc
661 2099 685 2133 sq,
701 2093 768 2132 recepta
784 2087 850 2133 quidem
866 2088 914 2122 lectio
930 2088 973 2122 haec
989 2095 1022 2131 est;

2 2180 4 2182 .
55 2149 95 2193 Ἐγώ
110 2150 181 2193 βαπτίζω
195 2148 214 2182 ἓν
226 2147 283 2187 ὑδατι,
300 2148 347 2191 μέσος
359 2148 377 2182 di
392 2147 439 2192 aipein
452 2148 517 2193 ἕστηκεν
529 2149 548 2184 ὃν
559 2149 606 2194 ὑμεῖς
618 2149 649 2185 οὑκ
661 2152 723 2191 otonis,
736 2148 791 2194 [αὑτὺς
805 2150 854 2194 ἐστιν]
867 2149 876 2184 ὁ
887 2152 939 2184 ὀπίσω
950 2164 984 2195 μου
996 2152 1023 2195 ἐρ-

55 2212 129 2258 χόμενος,
142 2211 166 2256 [ὃς
178 2211 270 2255 ἔμπροσθέν
281 2224 314 2255 μου
325 2211 407 2255 γέγονεν]
422 2208 443 2246 οὗ
454 2211 485 2255 ἐγώ
498 2211 528 2247 οὐν
538 2214 569 2256 apt
581 2212 626 2253 ἄξιος
637 2220 668 2248 etc.
683 2214 717 2248 Sed
729 2214 780 2249 verba
791 2215 854 2249 uncinis
866 2215 929 2249 inclusa
941 2216 1022 2250 damnari»

56 2284 82 2312 tur
94 2288 103 2312 a
115 2275 232 2322 Liachmannol
248 2275 381 2321 Tiischendorfiol
395 2266 512 2320 Biuttmanuo),
528 2277 588 2312 absunt
599 2288 609 2311 a
621 2278 679 2312 codice
691 2279 769 2312 Vaticano
781 2279 802 2319 B,
819 2278 846 2323 qui
861 2289 891 2312 nec
903 2275 912 2311 ὁ
924 2277 974 2313 habet
985 2285 1023 2315 ante

55 2340 106 2375 ὀπίσω
118 2341 193 2386 positum.
218 2339 261 2379 Quid
273 2351 312 2374 vero
324 2339 403 2374 Nonnus?
414 2342 470 2385 ipsum
482 2340 576 2375 audiamus:

299 2400 349 2444 ὑμέας
361 2398 411 2441 ωὑτὸς
422 2405 480 2437 λ’νανον
492 2401 523 2446 ἔχω’)
534 2404 617 2448 ααθαροῐο
627 2406 696 2446 λοετροὺ

300 2464 347 2498 ridant
359 2466 448 2509 βαπτίζων,
461 2467 488 2500 παὶ
500 2465 585 2511 ὀπίστερος
596 2465 640 2506 ὅστις
652 2465 713 2505 ἰαίνει,

300 2527 370 2572 σήμερον
381 2526 442 2572 ὑμείων
453 2529 502 2572 μέσος
514 2530 585 2569 ἵσταταί,
598 2525 683 2569 oriundis
695 2530 747 2574 ἰίαρον
759 2536 789 2564 οίο.

55 2594 94 2634 Quis
106 2593 132 2629 hic
144 2599 160 2628 et
172 2599 209 2639 post
221 2591 273 2626 ίααίνετ
285 2598 350 2638 etpost
362 2593 425 2626 locarat
437 2593 514 2628 lacunam
527 2604 564 2628 esse
577 2605 615 2628 eum
626 2594 696 2640 antiquis
707 2593 797 2628 editoribus
808 2593 838 2628 sibi
849 2594 955 2640 persuaserit,
970 2605 1020 2640 quarn
