<?xml version="1.0" encoding="UTF-8"?>
<!DOCTYPE html PUBLIC "-//W3C//DTD XHTML 1.0 Transitional//EN"
    "http://www.w3.org/TR/xhtml1/DTD/xhtml1-transitional.dtd">
<html xmlns="http://www.w3.org/1999/xhtml" xml:lang="en" lang="en">
 <head>
  <title>
</title>
<meta http-equiv="Content-Type" content="text/html;charset=utf-8" />
  <meta name='ocr-system' content='tesseract 3.04.00' />
  <meta name='ocr-capabilities' content='ocr_page ocr_carea ocr_par ocr_line ocrx_word'/>
</head>
<body>
  <div class='ocr_page' id='page_1' title='image "./MN41467ucmf_0_0029.png"; bbox 0 0 2194 2995; ppageno 0'>
   <div class='ocr_carea' id='block_1_1' title="bbox 427 21 624 105">
    <p class='ocr_par' dir='ltr' id='par_1_1' title="bbox 427 21 624 105">
     <span class='ocr_line' id='line_1_1' title="bbox 427 21 624 105; baseline -0.056 1"><span class='ocrx_word' id='word_1_1' title='bbox 427 56 452 103; x_wconf 72' lang='grc' dir='ltr'><em>κ</em></span> <span class='ocrx_word' id='word_1_2' title='bbox 471 21 605 105; x_wconf 77' lang='lat' dir='ltr'><strong>seaaca</strong></span> <span class='ocrx_word' id='word_1_3' title='bbox 621 21 624 26; x_wconf 78' lang='grc'>’</span> 
     </span>
    </p>
   </div>
   <div class='ocr_carea' id='block_1_2' title="bbox 132 303 905 672">
    <p class='ocr_par' dir='ltr' id='par_1_2' title="bbox 132 303 905 672">
     <span class='ocr_line' id='line_1_2' title="bbox 331 303 631 383; baseline -0.017 -19"><span class='ocrx_word' id='word_1_4' title='bbox 331 380 332 383; x_wconf 9' lang='lat'>¹</span> <span class='ocrx_word' id='word_1_5' title='bbox 407 313 487 363; x_wconf 87' lang='lat' dir='ltr'><strong>Rector</strong></span> <span class='ocrx_word' id='word_1_6' title='bbox 501 303 631 373; x_wconf 80' lang='lat' dir='ltr'><strong>magnificet</strong></span> 
     </span>
     <span class='ocr_line' id='line_1_3' title="bbox 381 408 660 472; baseline -0.011 -10"><span class='ocrx_word' id='word_1_7' title='bbox 381 411 500 462; x_wconf 71' lang='lat' dir='ltr'>Senatores</span> <span class='ocrx_word' id='word_1_8' title='bbox 516 408 660 472; x_wconf 77' lang='lat' dir='ltr'><strong>guarissimil</strong></span> 
     </span>
     <span class='ocr_line' id='line_1_4' title="bbox 366 511 674 576; baseline -0.003 -15"><span class='ocrx_word' id='word_1_9' title='bbox 366 511 507 576; x_wconf 68' lang='lat' dir='ltr'><strong>Professores</strong></span> <span class='ocrx_word' id='word_1_10' title='bbox 525 525 551 561; x_wconf 84' lang='lat' dir='ltr'><strong>aa</strong></span> <span class='ocrx_word' id='word_1_11' title='bbox 568 511 674 570; x_wconf 76' lang='lat' dir='ltr'><strong>blagistri</strong></span> 
     </span>
     <span class='ocr_line' id='line_1_5' title="bbox 132 605 905 672; baseline -0.008 -10"><span class='ocrx_word' id='word_1_12' title='bbox 132 610 327 662; x_wconf 84' lang='lat' dir='ltr'><strong>Reuerendissimi</strong></span> <span class='ocrx_word' id='word_1_13' title='bbox 343 610 513 661; x_wconf 71' lang='lat' dir='ltr'><strong>Consultissirni</strong></span> <span class='ocrx_word' id='word_1_14' title='bbox 528 609 733 672; x_wconf 80' lang='lat' dir='ltr'><strong>Experientissimi</strong></span> <span class='ocrx_word' id='word_1_15' title='bbox 748 605 905 669; x_wconf 83' lang='lat' dir='ltr'><strong>Amplissirnil</strong></span> 
     </span>
    </p>
   </div>
   <div class='ocr_carea' id='block_1_3' title="bbox 1 735 1003 2685">
    <p class='ocr_par' dir='ltr' id='par_1_3' title="bbox 1 735 1003 977">
     <span class='ocr_line' id='line_1_6' title="bbox 82 735 1003 785; baseline -0.004 -12"><span class='ocrx_word' id='word_1_16' title='bbox 82 737 144 785; x_wconf 80' lang='lat' dir='ltr'><strong>„Vitae</strong></span> <span class='ocrx_word' id='word_1_17' title='bbox 159 747 224 774; x_wconf 91' lang='lat' dir='ltr'><strong>summa</strong></span> <span class='ocrx_word' id='word_1_18' title='bbox 238 736 312 773; x_wconf 63' lang='lat' dir='ltr'><strong>trever</strong></span> <span class='ocrx_word' id='word_1_19' title='bbox 330 736 428 773; x_wconf 70' lang='lat' dir='ltr'><strong>mortalibus</strong></span> <span class='ocrx_word' id='word_1_20' title='bbox 443 735 492 774; x_wconf 90' lang='lat' dir='ltr'><strong>nobis</strong></span> <span class='ocrx_word' id='word_1_21' title='bbox 512 748 597 775; x_wconf 87' lang='lat' dir='ltr'><strong>concessa</strong></span> <span class='ocrx_word' id='word_1_22' title='bbox 612 741 679 773; x_wconf 86' lang='lat' dir='ltr'><strong>utnon</strong></span> <span class='ocrx_word' id='word_1_23' title='bbox 695 740 729 772; x_wconf 90' lang='lat' dir='ltr'><strong>tam</strong></span> <span class='ocrx_word' id='word_1_24' title='bbox 746 747 808 784; x_wconf 80' lang='lat' dir='ltr'><strong>„spem</strong></span> <span class='ocrx_word' id='word_1_25' title='bbox 824 735 905 771; x_wconf 91' lang='lat' dir='ltr'><strong>inchoare</strong></span> <span class='ocrx_word' id='word_1_26' title='bbox 919 735 1003 781; x_wconf 57' lang='lat' dir='ltr'><strong>tangant</strong></span> 
     </span>
     <span class='ocr_line' id='line_1_7' title="bbox 37 799 1003 848; baseline -0.002 -11"><span class='ocrx_word' id='word_1_27' title='bbox 37 800 98 837; x_wconf 88' lang='lat' dir='ltr'><strong>audeat</strong></span> <span class='ocrx_word' id='word_1_28' title='bbox 106 812 155 848; x_wconf 88' lang='lat' dir='ltr'><strong>qnam</strong></span> <span class='ocrx_word' id='word_1_29' title='bbox 167 812 187 836; x_wconf 87' lang='lat' dir='ltr'><strong>re</strong></span> <span class='ocrx_word' id='word_1_30' title='bbox 199 811 242 837; x_wconf 85' lang='lat' dir='ltr'><strong>vera</strong></span> <span class='ocrx_word' id='word_1_31' title='bbox 254 800 353 847; x_wconf 90' lang='lat' dir='ltr'><strong>ampliorem</strong></span> <span class='ocrx_word' id='word_1_32' title='bbox 365 799 443 835; x_wconf 87' lang='lat' dir='ltr'><strong>ambitum</strong></span> <span class='ocrx_word' id='word_1_33' title='bbox 453 801 525 848; x_wconf 81' lang='lat' dir='ltr'><strong>explere</strong></span> <span class='ocrx_word' id='word_1_34' title='bbox 533 801 600 845; x_wconf 51' lang='lat' dir='ltr'><strong>valeat)</strong></span> <span class='ocrx_word' id='word_1_35' title='bbox 608 800 662 836; x_wconf 88' lang='lat' dir='ltr'><strong>tribus</strong></span> <span class='ocrx_word' id='word_1_36' title='bbox 672 810 715 847; x_wconf 90' lang='lat' dir='ltr'><strong>opus</strong></span> <span class='ocrx_word' id='word_1_37' title='bbox 729 804 761 845; x_wconf 82' lang='lat' dir='ltr'><strong>est,</strong></span> <span class='ocrx_word' id='word_1_38' title='bbox 774 810 817 846; x_wconf 89' lang='lat' dir='ltr'><strong>qnae</strong></span> <span class='ocrx_word' id='word_1_39' title='bbox 829 800 925 836; x_wconf 88' lang='lat' dir='ltr'><strong>arctissimo</strong></span> <span class='ocrx_word' id='word_1_40' title='bbox 933 800 1003 837; x_wconf 81' lang='lat' dir='ltr'><strong>uirrculo</strong></span> 
     </span>
     <span class='ocr_line' id='line_1_8' title="bbox 35 862 1003 914; baseline -0.004 -12"><span class='ocrx_word' id='word_1_41' title='bbox 35 869 138 914; x_wconf 77' lang='lat' dir='ltr'><strong>jungantur,</strong></span> <span class='ocrx_word' id='word_1_42' title='bbox 151 863 221 900; x_wconf 88' lang='lat' dir='ltr'><strong>vivendi</strong></span> <span class='ocrx_word' id='word_1_43' title='bbox 233 865 333 909; x_wconf 80' lang='lat' dir='ltr'><strong>momentis,</strong></span> <span class='ocrx_word' id='word_1_44' title='bbox 349 868 367 899; x_wconf 87' lang='lat' dir='ltr'><strong>ut</strong></span> <span class='ocrx_word' id='word_1_45' title='bbox 378 874 413 898; x_wconf 90' lang='lat' dir='ltr'><strong>non</strong></span> <span class='ocrx_word' id='word_1_46' title='bbox 425 863 480 899; x_wconf 91' lang='lat' dir='ltr'><strong>solum</strong></span> <span class='ocrx_word' id='word_1_47' title='bbox 494 864 511 899; x_wconf 93' lang='lat' dir='ltr'><strong>in</strong></span> <span class='ocrx_word' id='word_1_48' title='bbox 523 862 642 910; x_wconf 85' lang='lat' dir='ltr'><strong>praesentibus</strong></span> <span class='ocrx_word' id='word_1_49' title='bbox 660 868 732 899; x_wconf 89' lang='lat' dir='ltr'><strong>strenue</strong></span> <span class='ocrx_word' id='word_1_50' title='bbox 748 862 827 898; x_wconf 87' lang='lat' dir='ltr'><strong>laborare</strong></span> <span class='ocrx_word' id='word_1_51' title='bbox 843 868 893 911; x_wconf 88' lang='lat' dir='ltr'><strong>atque</strong></span> <span class='ocrx_word' id='word_1_52' title='bbox 906 862 926 898; x_wconf 89' lang='lat' dir='ltr'><strong>de</strong></span> <span class='ocrx_word' id='word_1_53' title='bbox 942 863 1003 900; x_wconf 82' lang='lat' dir='ltr'><strong>futuris</strong></span> 
     </span>
     <span class='ocr_line' id='line_1_9' title="bbox 1 916 1002 977; baseline -0.002 -12"><span class='ocrx_word' id='word_1_54' title='bbox 1 968 3 970; x_wconf 66' lang='lat'>‚</span> <span class='ocrx_word' id='word_1_55' title='bbox 38 930 81 965; x_wconf 89' lang='lat' dir='ltr'><strong>bene</strong></span> <span class='ocrx_word' id='word_1_56' title='bbox 90 939 161 977; x_wconf 88' lang='lat' dir='ltr'><strong>sperare</strong></span> <span class='ocrx_word' id='word_1_57' title='bbox 174 927 271 964; x_wconf 77' lang='lat' dir='ltr'><strong>studeamus</strong></span> <span class='ocrx_word' id='word_1_58' title='bbox 280 926 310 963; x_wconf 88' lang='lat' dir='ltr'><strong>sed</strong></span> <span class='ocrx_word' id='word_1_59' title='bbox 319 928 367 962; x_wconf 88' lang='lat' dir='ltr'><strong>etiam</strong></span> <span class='ocrx_word' id='word_1_60' title='bbox 376 916 469 974; x_wconf 80' lang='lat' dir='ltr'><strong>praeterita</strong></span> <span class='ocrx_word' id='word_1_61' title='bbox 476 928 504 973; x_wconf 90' lang='lat' dir='ltr'><strong>pie</strong></span> <span class='ocrx_word' id='word_1_62' title='bbox 516 927 613 962; x_wconf 84' lang='lat' dir='ltr'><strong>meminisse</strong></span> <span class='ocrx_word' id='word_1_63' title='bbox 621 928 702 963; x_wconf 89' lang='lat' dir='ltr'><strong>sciamus.</strong></span> <span class='ocrx_word' id='word_1_64' title='bbox 715 926 787 962; x_wconf 77' lang='lat' dir='ltr'><strong>Arrianus</strong></span> <span class='ocrx_word' id='word_1_65' title='bbox 796 928 840 961; x_wconf 90' lang='lat' dir='ltr'><strong>enim</strong></span> <span class='ocrx_word' id='word_1_66' title='bbox 848 931 866 962; x_wconf 89' lang='lat' dir='ltr'><strong>ut</strong></span> <span class='ocrx_word' id='word_1_67' title='bbox 877 928 894 962; x_wconf 91' lang='lat' dir='ltr'><strong>iu</strong></span> <span class='ocrx_word' id='word_1_68' title='bbox 903 928 1002 974; x_wconf 82' lang='lat' dir='ltr'><strong>qnotidmuis</strong></span> 
     </span>
    </p>

    <p class='ocr_par' dir='ltr' id='par_1_4' title="bbox 10 989 1003 1789">
     <span class='ocr_line' id='line_1_10' title="bbox 38 989 1002 1038; baseline -0.003 -9"><span class='ocrx_word' id='word_1_69' title='bbox 38 992 90 1029; x_wconf 90' lang='lat' dir='ltr'><strong>rebus</strong></span> <span class='ocrx_word' id='word_1_70' title='bbox 98 993 148 1027; x_wconf 88' lang='lat' dir='ltr'><strong>unice</strong></span> <span class='ocrx_word' id='word_1_71' title='bbox 158 995 251 1038; x_wconf 90' lang='lat' dir='ltr'><strong>occupatus</strong></span> <span class='ocrx_word' id='word_1_72' title='bbox 263 995 281 1026; x_wconf 90' lang='lat' dir='ltr'><strong>et</strong></span> <span class='ocrx_word' id='word_1_73' title='bbox 293 992 340 1038; x_wconf 91' lang='lat' dir='ltr'><strong>quasi</strong></span> <span class='ocrx_word' id='word_1_74' title='bbox 348 991 393 1026; x_wconf 81' lang='lat' dir='ltr'><strong>inimi</strong></span> <span class='ocrx_word' id='word_1_75' title='bbox 405 989 471 1037; x_wconf 77' lang='lat' dir='ltr'><strong>delirus</strong></span> <span class='ocrx_word' id='word_1_76' title='bbox 479 989 529 1025; x_wconf 89' lang='lat' dir='ltr'><strong>facile</strong></span> <span class='ocrx_word' id='word_1_77' title='bbox 538 989 604 1026; x_wconf 87' lang='lat' dir='ltr'><strong>humilia</strong></span> <span class='ocrx_word' id='word_1_78' title='bbox 612 993 676 1025; x_wconf 90' lang='lat' dir='ltr'><strong>tantum</strong></span> <span class='ocrx_word' id='word_1_79' title='bbox 684 990 745 1037; x_wconf 87' lang='lat' dir='ltr'><strong>pusilla</strong></span> <span class='ocrx_word' id='word_1_80' title='bbox 753 990 819 1025; x_wconf 89' lang='lat' dir='ltr'><strong>misella</strong></span> <span class='ocrx_word' id='word_1_81' title='bbox 828 992 901 1036; x_wconf 55' lang='lat' dir='ltr'><strong>cogitem</strong></span> <span class='ocrx_word' id='word_1_82' title='bbox 914 991 937 1026; x_wconf 87' lang='lat' dir='ltr'><strong>ita</strong></span> <span class='ocrx_word' id='word_1_83' title='bbox 944 991 1002 1026; x_wconf 83' lang='lat' dir='ltr'><strong>inimi-</strong></span> 
     </span>
     <span class='ocr_line' id='line_1_11' title="bbox 36 1047 1001 1103; baseline -0.004 -11"><span class='ocrx_word' id='word_1_84' title='bbox 36 1047 115 1092; x_wconf 81' lang='lat' dir='ltr'><strong>nentibus</strong></span> <span class='ocrx_word' id='word_1_85' title='bbox 130 1056 235 1103; x_wconf 90' lang='lat' dir='ltr'><strong>potissimum</strong></span> <span class='ocrx_word' id='word_1_86' title='bbox 249 1054 288 1090; x_wconf 85' lang='lat' dir='ltr'><strong>latis</strong></span> <span class='ocrx_word' id='word_1_87' title='bbox 305 1054 371 1090; x_wconf 87' lang='lat' dir='ltr'><strong>inhians</strong></span> <span class='ocrx_word' id='word_1_88' title='bbox 385 1064 417 1100; x_wconf 85' lang='lat' dir='ltr'><strong>per</strong></span> <span class='ocrx_word' id='word_1_89' title='bbox 434 1054 489 1089; x_wconf 90' lang='lat' dir='ltr'><strong>omnia</strong></span> <span class='ocrx_word' id='word_1_90' title='bbox 506 1054 631 1099; x_wconf 78' lang='lat' dir='ltr'><strong>imaginatioms</strong></span> <span class='ocrx_word' id='word_1_91' title='bbox 643 1064 684 1089; x_wconf 90' lang='lat' dir='ltr'><strong>suae</strong></span> <span class='ocrx_word' id='word_1_92' title='bbox 699 1054 747 1089; x_wconf 89' lang='lat' dir='ltr'><strong>caela</strong></span> <span class='ocrx_word' id='word_1_93' title='bbox 759 1064 813 1090; x_wconf 89' lang='lat' dir='ltr'><strong>vanas</strong></span> <span class='ocrx_word' id='word_1_94' title='bbox 826 1053 881 1089; x_wconf 83' lang='lat' dir='ltr'><strong>nrrbes</strong></span> <span class='ocrx_word' id='word_1_95' title='bbox 897 1053 1001 1102; x_wconf 78' lang='lat' dir='ltr'><strong>nebulasque</strong></span> 
     </span>
     <span class='ocr_line' id='line_1_12' title="bbox 37 1116 1003 1164; baseline -0.004 -8"><span class='ocrx_word' id='word_1_96' title='bbox 37 1120 98 1157; x_wconf 79' lang='lat' dir='ltr'><strong>venari</strong></span> <span class='ocrx_word' id='word_1_97' title='bbox 110 1119 164 1155; x_wconf 84' lang='lat' dir='ltr'><strong>solet:</strong></span> <span class='ocrx_word' id='word_1_98' title='bbox 182 1118 203 1153; x_wconf 90' lang='lat' dir='ltr'><strong>ad</strong></span> <span class='ocrx_word' id='word_1_99' title='bbox 215 1122 304 1163; x_wconf 88' lang='lat' dir='ltr'><strong>utranrque</strong></span> <span class='ocrx_word' id='word_1_100' title='bbox 315 1127 359 1152; x_wconf 87' lang='lat' dir='ltr'><strong>vero</strong></span> <span class='ocrx_word' id='word_1_101' title='bbox 372 1127 430 1151; x_wconf 80' lang='lat' dir='ltr'><strong>cruram</strong></span> <span class='ocrx_word' id='word_1_102' title='bbox 443 1119 493 1152; x_wconf 87' lang='lat' dir='ltr'><strong>recte</strong></span> <span class='ocrx_word' id='word_1_103' title='bbox 507 1117 615 1162; x_wconf 85' lang='lat' dir='ltr'><strong>conjunctam</strong></span> <span class='ocrx_word' id='word_1_104' title='bbox 631 1116 724 1163; x_wconf 83' lang='lat' dir='ltr'><strong>sobrieque</strong></span> <span class='ocrx_word' id='word_1_105' title='bbox 738 1121 851 1164; x_wconf 87' lang='lat' dir='ltr'><strong>temperatam</strong></span> <span class='ocrx_word' id='word_1_106' title='bbox 865 1116 895 1152; x_wconf 90' lang='lat' dir='ltr'><strong>ubi</strong></span> <span class='ocrx_word' id='word_1_107' title='bbox 908 1118 1003 1154; x_wconf 89' lang='lat' dir='ltr'><strong>accesserit</strong></span> 
     </span>
     <span class='ocr_line' id='line_1_13' title="bbox 38 1180 1002 1229; baseline -0.003 -10"><span class='ocrx_word' id='word_1_108' title='bbox 38 1193 108 1227; x_wconf 78' lang='lat' dir='ltr'><strong>eorum,</strong></span> <span class='ocrx_word' id='word_1_109' title='bbox 121 1193 164 1229; x_wconf 88' lang='lat' dir='ltr'><strong>quae</strong></span> <span class='ocrx_word' id='word_1_110' title='bbox 176 1181 215 1217; x_wconf 89' lang='lat' dir='ltr'><strong>olim</strong></span> <span class='ocrx_word' id='word_1_111' title='bbox 229 1180 249 1216; x_wconf 91' lang='lat' dir='ltr'><strong>ab</strong></span> <span class='ocrx_word' id='word_1_112' title='bbox 262 1181 329 1227; x_wconf 88' lang='lat' dir='ltr'><strong>optimis</strong></span> <span class='ocrx_word' id='word_1_113' title='bbox 341 1181 383 1215; x_wconf 92' lang='lat' dir='ltr'><strong>viris</strong></span> <span class='ocrx_word' id='word_1_114' title='bbox 396 1183 467 1225; x_wconf 81' lang='lat' dir='ltr'><strong>egregie</strong></span> <span class='ocrx_word' id='word_1_115' title='bbox 477 1184 529 1225; x_wconf 77' lang='lat' dir='ltr'><strong>gesta</strong></span> <span class='ocrx_word' id='word_1_116' title='bbox 541 1184 586 1224; x_wconf 75' lang='lat' dir='ltr'><strong>suut,</strong></span> <span class='ocrx_word' id='word_1_117' title='bbox 599 1180 640 1216; x_wconf 73' lang='lat' dir='ltr'><strong>uim</strong></span> <span class='ocrx_word' id='word_1_118' title='bbox 652 1184 703 1226; x_wconf 89' lang='lat' dir='ltr'><strong>atque</strong></span> <span class='ocrx_word' id='word_1_119' title='bbox 711 1185 793 1227; x_wconf 90' lang='lat' dir='ltr'><strong>perpetua</strong></span> <span class='ocrx_word' id='word_1_120' title='bbox 805 1180 913 1226; x_wconf 74' lang='lat' dir='ltr'><strong>recordatio,</strong></span> <span class='ocrx_word' id='word_1_121' title='bbox 926 1185 960 1216; x_wconf 90' lang='lat' dir='ltr'><strong>tnur</strong></span> <span class='ocrx_word' id='word_1_122' title='bbox 969 1181 1002 1216; x_wconf 90' lang='lat' dir='ltr'><strong>de-</strong></span> 
     </span>
     <span class='ocr_line' id='line_1_14' title="bbox 37 1242 1003 1291; baseline -0.003 -9"><span class='ocrx_word' id='word_1_123' title='bbox 37 1257 81 1282; x_wconf 92' lang='lat' dir='ltr'><strong>mum</strong></span> <span class='ocrx_word' id='word_1_124' title='bbox 93 1247 143 1281; x_wconf 87' lang='lat' dir='ltr'><strong>etiarn</strong></span> <span class='ocrx_word' id='word_1_125' title='bbox 156 1245 226 1290; x_wconf 67' lang='lat' dir='ltr'><strong>singulm</strong></span> <span class='ocrx_word' id='word_1_126' title='bbox 238 1242 334 1280; x_wconf 89' lang='lat' dir='ltr'><strong>bominibus</strong></span> <span class='ocrx_word' id='word_1_127' title='bbox 346 1254 367 1278; x_wconf 87' lang='lat' dir='ltr'><strong>ea</strong></span> <span class='ocrx_word' id='word_1_128' title='bbox 381 1244 463 1289; x_wconf 77' lang='lat' dir='ltr'><strong>contingit</strong></span> <span class='ocrx_word' id='word_1_129' title='bbox 477 1242 559 1288; x_wconf 74' lang='lat' dir='ltr'><strong>feticius,</strong></span> <span class='ocrx_word' id='word_1_130' title='bbox 576 1247 594 1278; x_wconf 94' lang='lat' dir='ltr'><strong>ut</strong></span> <span class='ocrx_word' id='word_1_131' title='bbox 609 1254 644 1279; x_wconf 90' lang='lat' dir='ltr'><strong>non</strong></span> <span class='ocrx_word' id='word_1_132' title='bbox 661 1243 716 1280; x_wconf 89' lang='lat' dir='ltr'><strong>solum</strong></span> <span class='ocrx_word' id='word_1_133' title='bbox 732 1254 779 1280; x_wconf 89' lang='lat' dir='ltr'><strong>suam</strong></span> <span class='ocrx_word' id='word_1_134' title='bbox 792 1242 841 1280; x_wconf 85' lang='lat' dir='ltr'><strong>unius</strong></span> <span class='ocrx_word' id='word_1_135' title='bbox 857 1247 906 1291; x_wconf 88' lang='lat' dir='ltr'><strong>quasi</strong></span> <span class='ocrx_word' id='word_1_136' title='bbox 921 1244 954 1279; x_wconf 89' lang='lat' dir='ltr'><strong>diei</strong></span> <span class='ocrx_word' id='word_1_137' title='bbox 971 1244 1003 1282; x_wconf 87' lang='lat' dir='ltr'><strong>sed</strong></span> 
     </span>
     <span class='ocr_line' id='line_1_15' title="bbox 37 1307 1002 1356; baseline -0.002 -11"><span class='ocrx_word' id='word_1_138' title='bbox 37 1310 113 1346; x_wconf 81' lang='lat' dir='ltr'><strong>uniuersi</strong></span> <span class='ocrx_word' id='word_1_139' title='bbox 121 1309 191 1354; x_wconf 80' lang='lat' dir='ltr'><strong>generis</strong></span> <span class='ocrx_word' id='word_1_140' title='bbox 199 1308 267 1343; x_wconf 85' lang='lat' dir='ltr'><strong>lrrrmani</strong></span> <span class='ocrx_word' id='word_1_141' title='bbox 280 1308 387 1354; x_wconf 86' lang='lat' dir='ltr'><strong>omniumque</strong></span> <span class='ocrx_word' id='word_1_142' title='bbox 399 1307 506 1342; x_wconf 91' lang='lat' dir='ltr'><strong>saeculorum</strong></span> <span class='ocrx_word' id='word_1_143' title='bbox 515 1307 566 1343; x_wconf 81' lang='lat' dir='ltr'><strong>uitam</strong></span> <span class='ocrx_word' id='word_1_144' title='bbox 574 1308 636 1350; x_wconf 82' lang='lat' dir='ltr'><strong>vivere</strong></span> <span class='ocrx_word' id='word_1_145' title='bbox 645 1307 742 1343; x_wconf 85' lang='lat' dir='ltr'><strong>rideantur.</strong></span> <span class='ocrx_word' id='word_1_146' title='bbox 759 1307 807 1343; x_wconf 86' lang='lat' dir='ltr'><strong>Bene</strong></span> <span class='ocrx_word' id='word_1_147' title='bbox 819 1308 869 1352; x_wconf 78' lang='lat' dir='ltr'><strong>igitur</strong></span> <span class='ocrx_word' id='word_1_148' title='bbox 881 1308 1002 1356; x_wconf 70' lang='lat' dir='ltr'><strong>sapienterque</strong></span> 
     </span>
     <span class='ocr_line' id='line_1_16' title="bbox 18 1369 1002 1421; baseline -0.002 -12"><span class='ocrx_word' id='word_1_149' title='bbox 18 1393 20 1396; x_wconf 43' lang='lat'><em>⁴</em></span> <span class='ocrx_word' id='word_1_150' title='bbox 40 1372 83 1421; x_wconf 91' lang='lat' dir='ltr'><strong>apud</strong></span> <span class='ocrx_word' id='word_1_151' title='bbox 95 1383 154 1409; x_wconf 89' lang='lat' dir='ltr'><strong>omnes</strong></span> <span class='ocrx_word' id='word_1_152' title='bbox 168 1376 239 1416; x_wconf 80' lang='lat' dir='ltr'><strong>gentes⁷</strong></span> <span class='ocrx_word' id='word_1_153' title='bbox 252 1380 296 1418; x_wconf 88' lang='lat' dir='ltr'><strong>qnae</strong></span> <span class='ocrx_word' id='word_1_154' title='bbox 307 1369 373 1417; x_wconf 89' lang='lat' dir='ltr'><strong>quidem</strong></span> <span class='ocrx_word' id='word_1_155' title='bbox 386 1370 493 1406; x_wconf 85' lang='lat' dir='ltr'><strong>humanitatis</strong></span> <span class='ocrx_word' id='word_1_156' title='bbox 504 1371 596 1419; x_wconf 72' lang='lat' dir='ltr'><strong>participes</strong></span> <span class='ocrx_word' id='word_1_157' title='bbox 607 1369 686 1415; x_wconf 75' lang='lat' dir='ltr'><strong>fuerunt,</strong></span> <span class='ocrx_word' id='word_1_158' title='bbox 699 1371 792 1406; x_wconf 87' lang='lat' dir='ltr'><strong>institutum</strong></span> <span class='ocrx_word' id='word_1_159' title='bbox 805 1370 890 1415; x_wconf 77' lang='lat' dir='ltr'><strong>vileruns,</strong></span> <span class='ocrx_word' id='word_1_160' title='bbox 903 1375 929 1416; x_wconf 74' lang='lat' dir='ltr'><strong>ut,</strong></span> <span class='ocrx_word' id='word_1_161' title='bbox 943 1371 1002 1419; x_wconf 88' lang='lat' dir='ltr'><strong>quibus</strong></span> 
     </span>
     <span class='ocr_line' id='line_1_17' title="bbox 39 1434 1002 1487; baseline -0.002 -15"><span class='ocrx_word' id='word_1_162' title='bbox 39 1436 97 1473; x_wconf 90' lang='lat' dir='ltr'><strong>diebus</strong></span> <span class='ocrx_word' id='word_1_163' title='bbox 110 1441 139 1471; x_wconf 92' lang='lat' dir='ltr'><strong>aut</strong></span> <span class='ocrx_word' id='word_1_164' title='bbox 152 1446 181 1471; x_wconf 91' lang='lat' dir='ltr'><strong>res</strong></span> <span class='ocrx_word' id='word_1_165' title='bbox 196 1435 296 1483; x_wconf 88' lang='lat' dir='ltr'><strong>praeclarae</strong></span> <span class='ocrx_word' id='word_1_166' title='bbox 312 1434 357 1470; x_wconf 89' lang='lat' dir='ltr'><strong>domi</strong></span> <span class='ocrx_word' id='word_1_167' title='bbox 373 1434 547 1487; x_wconf 79' lang='lat' dir='ltr'><strong>militiaeque&#39;gestae</strong></span> <span class='ocrx_word' id='word_1_168' title='bbox 560 1438 620 1470; x_wconf 82' lang='lat' dir='ltr'><strong>essem</strong></span> <span class='ocrx_word' id='word_1_169' title='bbox 632 1439 660 1470; x_wconf 93' lang='lat' dir='ltr'><strong>aut</strong></span> <span class='ocrx_word' id='word_1_170' title='bbox 672 1434 758 1469; x_wconf 88' lang='lat' dir='ltr'><strong>clarorum</strong></span> <span class='ocrx_word' id='word_1_171' title='bbox 769 1435 846 1470; x_wconf 84' lang='lat' dir='ltr'><strong>virorum</strong></span> <span class='ocrx_word' id='word_1_172' title='bbox 859 1444 920 1479; x_wconf 80' lang='lat' dir='ltr'><strong>magna</strong></span> <span class='ocrx_word' id='word_1_173' title='bbox 933 1436 1002 1481; x_wconf 79' lang='lat' dir='ltr'><strong>ingenia</strong></span> 
     </span>
     <span class='ocr_line' id='line_1_18' title="bbox 37 1497 1001 1545; baseline -0.004 -9"><span class='ocrx_word' id='word_1_174' title='bbox 37 1505 91 1536; x_wconf 89' lang='lat' dir='ltr'><strong>ortum</strong></span> <span class='ocrx_word' id='word_1_175' title='bbox 103 1500 250 1535; x_wconf 84' lang='lat' dir='ltr'><strong>incrementumue</strong></span> <span class='ocrx_word' id='word_1_176' title='bbox 259 1498 356 1545; x_wconf 79' lang='lat' dir='ltr'><strong>cepissent,</strong></span> <span class='ocrx_word' id='word_1_177' title='bbox 368 1498 380 1532; x_wconf 87' lang='lat' dir='ltr'><strong>ii</strong></span> <span class='ocrx_word' id='word_1_178' title='bbox 388 1497 424 1533; x_wconf 89' lang='lat' dir='ltr'><strong>dies</strong></span> <span class='ocrx_word' id='word_1_179' title='bbox 432 1498 472 1533; x_wconf 87' lang='lat' dir='ltr'><strong>festi</strong></span> <span class='ocrx_word' id='word_1_180' title='bbox 482 1497 585 1533; x_wconf 81' lang='lat' dir='ltr'><strong>haberentur</strong></span> <span class='ocrx_word' id='word_1_181' title='bbox 594 1502 611 1533; x_wconf 88' lang='lat' dir='ltr'><strong>et</strong></span> <span class='ocrx_word' id='word_1_182' title='bbox 619 1497 724 1533; x_wconf 84' lang='lat' dir='ltr'><strong>orationibus</strong></span> <span class='ocrx_word' id='word_1_183' title='bbox 732 1499 797 1545; x_wconf 89' lang='lat' dir='ltr'><strong>pompis</strong></span> <span class='ocrx_word' id='word_1_184' title='bbox 805 1497 872 1545; x_wconf 88' lang='lat' dir='ltr'><strong>publica</strong></span> <span class='ocrx_word' id='word_1_185' title='bbox 880 1498 943 1533; x_wconf 88' lang='lat' dir='ltr'><strong>laetitia</strong></span> <span class='ocrx_word' id='word_1_186' title='bbox 951 1499 1001 1534; x_wconf 88' lang='lat' dir='ltr'><strong>cele-</strong></span> 
     </span>
     <span class='ocr_line' id='line_1_19' title="bbox 10 1560 1002 1614; baseline -0.002 -15"><span class='ocrx_word' id='word_1_187' title='bbox 10 1608 12 1614; x_wconf 21' lang='lat' dir='ltr'>s</span> <span class='ocrx_word' id='word_1_188' title='bbox 37 1564 133 1599; x_wconf 89' lang='lat' dir='ltr'><strong>brarentur.</strong></span> <span class='ocrx_word' id='word_1_189' title='bbox 157 1561 204 1604; x_wconf 80' lang='lat' dir='ltr'><strong>Quas</strong></span> <span class='ocrx_word' id='word_1_190' title='bbox 220 1562 264 1596; x_wconf 92' lang='lat' dir='ltr'><strong>inter</strong></span> <span class='ocrx_word' id='word_1_191' title='bbox 278 1565 341 1606; x_wconf 69' lang='lat' dir='ltr'><strong>penites</strong></span> <span class='ocrx_word' id='word_1_192' title='bbox 357 1560 489 1608; x_wconf 86' lang='lat' dir='ltr'><strong>primumsacile</strong></span> <span class='ocrx_word' id='word_1_193' title='bbox 504 1561 642 1596; x_wconf 87' lang='lat' dir='ltr'><strong>locumnostrae</strong></span> <span class='ocrx_word' id='word_1_194' title='bbox 656 1566 716 1596; x_wconf 91' lang='lat' dir='ltr'><strong>tenent</strong></span> <span class='ocrx_word' id='word_1_195' title='bbox 729 1562 817 1606; x_wconf 71' lang='lat' dir='ltr'><strong>ciuitates,</strong></span> <span class='ocrx_word' id='word_1_196' title='bbox 836 1561 896 1609; x_wconf 89' lang='lat' dir='ltr'><strong>quibus</strong></span> <span class='ocrx_word' id='word_1_197' title='bbox 913 1572 1002 1597; x_wconf 87' lang='lat' dir='ltr'><strong>saueuou</strong></span> 
     </span>
     <span class='ocr_line' id='line_1_20' title="bbox 37 1611 1001 1672; baseline -0.001 -11"><span class='ocrx_word' id='word_1_198' title='bbox 37 1637 97 1671; x_wconf 78' lang='lat' dir='ltr'><strong>regum</strong></span> <span class='ocrx_word' id='word_1_199' title='bbox 108 1625 183 1661; x_wconf 87' lang='lat' dir='ltr'><strong>natalitia</strong></span> <span class='ocrx_word' id='word_1_200' title='bbox 195 1629 225 1671; x_wconf 88' lang='lat' dir='ltr'><strong>aut</strong></span> <span class='ocrx_word' id='word_1_201' title='bbox 235 1625 330 1672; x_wconf 88' lang='lat' dir='ltr'><strong>principum</strong></span> <span class='ocrx_word' id='word_1_202' title='bbox 342 1625 409 1671; x_wconf 85' lang='lat' dir='ltr'><strong>nuptiae</strong></span> <span class='ocrx_word' id='word_1_203' title='bbox 421 1629 439 1660; x_wconf 91' lang='lat' dir='ltr'><strong>ut</strong></span> <span class='ocrx_word' id='word_1_204' title='bbox 452 1624 508 1660; x_wconf 90' lang='lat' dir='ltr'><strong>feriati</strong></span> <span class='ocrx_word' id='word_1_205' title='bbox 522 1624 557 1660; x_wconf 90' lang='lat' dir='ltr'><strong>dies</strong></span> <span class='ocrx_word' id='word_1_206' title='bbox 569 1611 684 1671; x_wconf 70' lang='lat' dir='ltr'><strong>imperentur,</strong></span> <span class='ocrx_word' id='word_1_207' title='bbox 700 1635 760 1660; x_wconf 86' lang='lat' dir='ltr'><strong>verum</strong></span> <span class='ocrx_word' id='word_1_208' title='bbox 774 1636 805 1671; x_wconf 94' lang='lat' dir='ltr'><strong>per</strong></span> <span class='ocrx_word' id='word_1_209' title='bbox 818 1629 870 1661; x_wconf 92' lang='lat' dir='ltr'><strong>totum</strong></span> <span class='ocrx_word' id='word_1_210' title='bbox 886 1624 924 1660; x_wconf 82' lang='lat' dir='ltr'><strong>lere</strong></span> <span class='ocrx_word' id='word_1_211' title='bbox 940 1636 1001 1660; x_wconf 90' lang='lat' dir='ltr'><strong>annum</strong></span> 
     </span>
     <span class='ocr_line' id='line_1_21' title="bbox 36 1688 1001 1737; baseline -0.001 -12"><span class='ocrx_word' id='word_1_212' title='bbox 36 1689 124 1737; x_wconf 90' lang='lat' dir='ltr'><strong>popularia</strong></span> <span class='ocrx_word' id='word_1_213' title='bbox 133 1688 177 1724; x_wconf 83' lang='lat' dir='ltr'><strong>festa</strong></span> <span class='ocrx_word' id='word_1_214' title='bbox 189 1689 283 1734; x_wconf 58' lang='lat' dir='ltr'><strong>agitantur³</strong></span> <span class='ocrx_word' id='word_1_215' title='bbox 296 1698 343 1734; x_wconf 86' lang='lat' dir='ltr'><strong>quae</strong></span> <span class='ocrx_word' id='word_1_216' title='bbox 352 1689 407 1723; x_wconf 88' lang='lat' dir='ltr'><strong>omnia</strong></span> <span class='ocrx_word' id='word_1_217' title='bbox 416 1689 453 1724; x_wconf 83' lang='lat' dir='ltr'><strong>sive</strong></span> <span class='ocrx_word' id='word_1_218' title='bbox 465 1688 546 1734; x_wconf 88' lang='lat' dir='ltr'><strong>ampliora</strong></span> <span class='ocrx_word' id='word_1_219' title='bbox 558 1689 596 1724; x_wconf 90' lang='lat' dir='ltr'><strong>sive</strong></span> <span class='ocrx_word' id='word_1_220' title='bbox 608 1688 680 1724; x_wconf 70' lang='lat' dir='ltr'><strong>exiliora</strong></span> <span class='ocrx_word' id='word_1_221' title='bbox 692 1689 709 1723; x_wconf 90' lang='lat' dir='ltr'><strong>in</strong></span> <span class='ocrx_word' id='word_1_222' title='bbox 721 1688 802 1734; x_wconf 88' lang='lat' dir='ltr'><strong>majorum</strong></span> <span class='ocrx_word' id='word_1_223' title='bbox 810 1689 892 1725; x_wconf 88' lang='lat' dir='ltr'><strong>memoria</strong></span> <span class='ocrx_word' id='word_1_224' title='bbox 906 1689 933 1736; x_wconf 88' lang='lat' dir='ltr'><strong>pie</strong></span> <span class='ocrx_word' id='word_1_225' title='bbox 946 1699 1001 1724; x_wconf 89' lang='lat' dir='ltr'><strong>reco-</strong></span> 
     </span>
     <span class='ocr_line' id='line_1_22' title="bbox 36 1751 241 1789; baseline -0.015 -1"><span class='ocrx_word' id='word_1_226' title='bbox 36 1751 87 1789; x_wconf 88' lang='lat' dir='ltr'><strong>lenda</strong></span> <span class='ocrx_word' id='word_1_227' title='bbox 99 1753 167 1788; x_wconf 82' lang='lat' dir='ltr'><strong>uersari</strong></span> <span class='ocrx_word' id='word_1_228' title='bbox 179 1751 241 1786; x_wconf 92' lang='lat' dir='ltr'><strong>solent.</strong></span> 
     </span>
    </p>

    <p class='ocr_par' dir='ltr' id='par_1_5' title="bbox 36 1803 1001 2179">
     <span class='ocr_line' id='line_1_23' title="bbox 82 1803 1001 1862; baseline 0 -12"><span class='ocrx_word' id='word_1_229' title='bbox 82 1814 132 1850; x_wconf 92' lang='lat' dir='ltr'><strong>Hunc</strong></span> <span class='ocrx_word' id='word_1_230' title='bbox 143 1815 195 1860; x_wconf 81' lang='lat' dir='ltr'><strong>igitur</strong></span> <span class='ocrx_word' id='word_1_231' title='bbox 206 1824 271 1849; x_wconf 83' lang='lat' dir='ltr'><strong>moreni</strong></span> <span class='ocrx_word' id='word_1_232' title='bbox 280 1803 322 1848; x_wconf 37' lang='lat' dir='ltr'><strong>&#39;cum</strong></span> <span class='ocrx_word' id='word_1_233' title='bbox 334 1814 422 1849; x_wconf 85' lang='lat' dir='ltr'><strong>humanum</strong></span> <span class='ocrx_word' id='word_1_234' title='bbox 434 1819 468 1849; x_wconf 87' lang='lat' dir='ltr'><strong>trrnr</strong></span> <span class='ocrx_word' id='word_1_235' title='bbox 480 1814 578 1861; x_wconf 82' lang='lat' dir='ltr'><strong>popularem</strong></span> <span class='ocrx_word' id='word_1_236' title='bbox 591 1816 647 1850; x_wconf 87' lang='lat' dir='ltr'><strong>secuti</strong></span> <span class='ocrx_word' id='word_1_237' title='bbox 656 1825 706 1862; x_wconf 90' lang='lat' dir='ltr'><strong>quom</strong></span> <span class='ocrx_word' id='word_1_238' title='bbox 716 1814 763 1859; x_wconf 90' lang='lat' dir='ltr'><strong>Vos,</strong></span> <span class='ocrx_word' id='word_1_239' title='bbox 776 1814 822 1850; x_wconf 83' lang='lat' dir='ltr'><strong>Viri</strong></span> <span class='ocrx_word' id='word_1_240' title='bbox 834 1816 967 1861; x_wconf 73' lang='lat' dir='ltr'><strong>grauissimi,</strong></span> <span class='ocrx_word' id='word_1_241' title='bbox 981 1815 1001 1850; x_wconf 86' lang='lat' dir='ltr'><strong>ad</strong></span> 
     </span>
     <span class='ocr_line' id='line_1_24' title="bbox 36 1877 1001 1924; baseline -0.001 -10"><span class='ocrx_word' id='word_1_242' title='bbox 36 1879 157 1914; x_wconf 86' lang='lat' dir='ltr'><strong>Universitatis</strong></span> <span class='ocrx_word' id='word_1_243' title='bbox 169 1877 274 1914; x_wconf 88' lang='lat' dir='ltr'><strong>Basileensis</strong></span> <span class='ocrx_word' id='word_1_244' title='bbox 287 1878 369 1914; x_wconf 81' lang='lat' dir='ltr'><strong>antelios</strong></span> <span class='ocrx_word' id='word_1_245' title='bbox 381 1878 514 1924; x_wconf 67' lang='lat' dir='ltr'><strong>quadragentos</strong></span> <span class='ocrx_word' id='word_1_246' title='bbox 526 1889 580 1914; x_wconf 83' lang='lat' dir='ltr'><strong>aranos</strong></span> <span class='ocrx_word' id='word_1_247' title='bbox 593 1877 671 1913; x_wconf 86' lang='lat' dir='ltr'><strong>conditae</strong></span> <span class='ocrx_word' id='word_1_248' title='bbox 684 1878 766 1913; x_wconf 88' lang='lat' dir='ltr'><strong>solemnia</strong></span> <span class='ocrx_word' id='word_1_249' title='bbox 778 1879 873 1914; x_wconf 85' lang='lat' dir='ltr'><strong>saecularia</strong></span> <span class='ocrx_word' id='word_1_250' title='bbox 881 1878 963 1915; x_wconf 90' lang='lat' dir='ltr'><strong>hodierno</strong></span> <span class='ocrx_word' id='word_1_251' title='bbox 975 1878 1001 1914; x_wconf 86' lang='lat' dir='ltr'><strong>die</strong></span> 
     </span>
     <span class='ocr_line' id='line_1_25' title="bbox 38 1940 1001 1989; baseline 0 -12"><span class='ocrx_word' id='word_1_252' title='bbox 38 1944 70 1978; x_wconf 88' lang='lat' dir='ltr'><strong>rite</strong></span> <span class='ocrx_word' id='word_1_253' title='bbox 77 1941 180 1977; x_wconf 87' lang='lat' dir='ltr'><strong>celebranda</strong></span> <span class='ocrx_word' id='word_1_254' title='bbox 189 1946 257 1978; x_wconf 88' lang='lat' dir='ltr'><strong>ceteras</strong></span> <span class='ocrx_word' id='word_1_255' title='bbox 263 1940 390 1977; x_wconf 81' lang='lat' dir='ltr'><strong>Universitates</strong></span> <span class='ocrx_word' id='word_1_256' title='bbox 397 1946 414 1976; x_wconf 84' lang='lat' dir='ltr'><strong>et</strong></span> <span class='ocrx_word' id='word_1_257' title='bbox 419 1940 521 1976; x_wconf 75' lang='lat' dir='ltr'><strong>Academias</strong></span> <span class='ocrx_word' id='word_1_258' title='bbox 527 1943 580 1976; x_wconf 77' lang='lat' dir='ltr'><strong>uarice</strong></span> <span class='ocrx_word' id='word_1_259' title='bbox 588 1942 710 1986; x_wconf 73' lang='lat' dir='ltr'><strong>invitaveritis,</strong></span> <span class='ocrx_word' id='word_1_260' title='bbox 720 1952 752 1976; x_wconf 89' lang='lat' dir='ltr'><strong>eae</strong></span> <span class='ocrx_word' id='word_1_261' title='bbox 757 1951 793 1976; x_wconf 82' lang='lat' dir='ltr'><strong>noir</strong></span> <span class='ocrx_word' id='word_1_262' title='bbox 799 1941 854 1977; x_wconf 88' lang='lat' dir='ltr'><strong>dubito</strong></span> <span class='ocrx_word' id='word_1_263' title='bbox 862 1942 900 1989; x_wconf 88' lang='lat' dir='ltr'><strong>quin</strong></span> <span class='ocrx_word' id='word_1_264' title='bbox 906 1941 945 1977; x_wconf 78' lang='lat' dir='ltr'><strong>braic</strong></span> <span class='ocrx_word' id='word_1_265' title='bbox 952 1942 1001 1979; x_wconf 73' lang='grc' dir='ltr'><strong>ἰηνί-</strong></span> 
     </span>
     <span class='ocr_line' id='line_1_26' title="bbox 37 2001 1000 2052; baseline 0.001 -12"><span class='ocrx_word' id='word_1_266' title='bbox 37 2006 96 2040; x_wconf 86' lang='lat' dir='ltr'><strong>tattoni</strong></span> <span class='ocrx_word' id='word_1_267' title='bbox 107 2004 183 2040; x_wconf 90' lang='lat' dir='ltr'><strong>studiose</strong></span> <span class='ocrx_word' id='word_1_268' title='bbox 196 2009 276 2052; x_wconf 85' lang='lat' dir='ltr'><strong>arreptae</strong></span> <span class='ocrx_word' id='word_1_269' title='bbox 287 2005 349 2050; x_wconf 81' lang='lat' dir='ltr'><strong>legatis</strong></span> <span class='ocrx_word' id='word_1_270' title='bbox 361 2005 448 2051; x_wconf 82' lang='lat' dir='ltr'><strong>literisque</strong></span> <span class='ocrx_word' id='word_1_271' title='bbox 460 2001 575 2050; x_wconf 77' lang='lat' dir='ltr'><strong>gratulatoriis</strong></span> <span class='ocrx_word' id='word_1_272' title='bbox 586 2005 643 2041; x_wconf 88' lang='lat' dir='ltr'><strong>missis</strong></span> <span class='ocrx_word' id='word_1_273' title='bbox 655 2004 776 2052; x_wconf 88' lang='lat' dir='ltr'><strong>responderint</strong></span> <span class='ocrx_word' id='word_1_274' title='bbox 788 2015 853 2041; x_wconf 75' lang='lat' dir='ltr'><strong>ornares.</strong></span> <span class='ocrx_word' id='word_1_275' title='bbox 878 2003 914 2040; x_wconf 87' lang='lat' dir='ltr'><strong>Sed</strong></span> <span class='ocrx_word' id='word_1_276' title='bbox 926 2017 949 2041; x_wconf 82' lang='lat' dir='ltr'><strong>ex</strong></span> <span class='ocrx_word' id='word_1_277' title='bbox 961 2016 1000 2041; x_wconf 90' lang='lat' dir='ltr'><strong>ma-</strong></span> 
     </span>
     <span class='ocr_line' id='line_1_27' title="bbox 37 2067 999 2115; baseline 0.001 -12"><span class='ocrx_word' id='word_1_278' title='bbox 37 2079 72 2114; x_wconf 69' lang='lat' dir='ltr'><strong>gno</strong></span> <span class='ocrx_word' id='word_1_279' title='bbox 87 2068 148 2103; x_wconf 86' lang='lat' dir='ltr'><strong>lrorurn</strong></span> <span class='ocrx_word' id='word_1_280' title='bbox 162 2067 278 2113; x_wconf 78' lang='lat' dir='ltr'><strong>Collegiorum</strong></span> <span class='ocrx_word' id='word_1_281' title='bbox 293 2078 364 2104; x_wconf 82' lang='lat' dir='ltr'><strong>inumera</strong></span> <span class='ocrx_word' id='word_1_282' title='bbox 379 2067 422 2103; x_wconf 87' lang='lat' dir='ltr'><strong>haud</strong></span> <span class='ocrx_word' id='word_1_283' title='bbox 438 2070 474 2103; x_wconf 88' lang='lat' dir='ltr'><strong>scio</strong></span> <span class='ocrx_word' id='word_1_284' title='bbox 490 2079 511 2103; x_wconf 91' lang='lat' dir='ltr'><strong>au</strong></span> <span class='ocrx_word' id='word_1_285' title='bbox 531 2068 575 2104; x_wconf 72' lang='lat' dir='ltr'><strong>insilia</strong></span> <span class='ocrx_word' id='word_1_286' title='bbox 590 2070 695 2115; x_wconf 81' lang='lat' dir='ltr'><strong>anttquiores</strong></span> <span class='ocrx_word' id='word_1_287' title='bbox 711 2068 772 2104; x_wconf 88' lang='lat' dir='ltr'><strong>lrabeat</strong></span> <span class='ocrx_word' id='word_1_288' title='bbox 787 2069 913 2114; x_wconf 76' lang='lat' dir='ltr'><strong>gravioresque</strong></span> <span class='ocrx_word' id='word_1_289' title='bbox 929 2079 999 2114; x_wconf 74' lang='lat' dir='ltr'><strong>causas,</strong></span> 
     </span>
     <span class='ocr_line' id='line_1_28' title="bbox 38 2130 999 2179; baseline -0.001 -12"><span class='ocrx_word' id='word_1_290' title='bbox 38 2130 96 2179; x_wconf 88' lang='lat' dir='ltr'><strong>quibus</strong></span> <span class='ocrx_word' id='word_1_291' title='bbox 102 2135 121 2166; x_wconf 90' lang='lat' dir='ltr'><strong>nt</strong></span> <span class='ocrx_word' id='word_1_292' title='bbox 126 2130 219 2166; x_wconf 83' lang='lat' dir='ltr'><strong>Vobiscum</strong></span> <span class='ocrx_word' id='word_1_293' title='bbox 225 2131 274 2176; x_wconf 87' lang='lat' dir='ltr'><strong>lrrrjus</strong></span> <span class='ocrx_word' id='word_1_294' title='bbox 282 2130 314 2166; x_wconf 92' lang='lat' dir='ltr'><strong>diei</strong></span> <span class='ocrx_word' id='word_1_295' title='bbox 320 2132 444 2167; x_wconf 86' lang='lat' dir='ltr'><strong>solemnitatem</strong></span> <span class='ocrx_word' id='word_1_296' title='bbox 450 2131 561 2168; x_wconf 87' lang='lat' dir='ltr'><strong>concelebret</strong></span> <span class='ocrx_word' id='word_1_297' title='bbox 567 2133 652 2176; x_wconf 77' lang='lat' dir='ltr'><strong>incitetur,</strong></span> <span class='ocrx_word' id='word_1_298' title='bbox 661 2143 711 2179; x_wconf 91' lang='lat' dir='ltr'><strong>quam</strong></span> <span class='ocrx_word' id='word_1_299' title='bbox 717 2131 999 2168; x_wconf 78' lang='lat' dir='ltr'><strong>nostraTurIcensisUniversitas.</strong></span> 
     </span>
    </p>

    <p class='ocr_par' dir='ltr' id='par_1_6' title="bbox 5 2193 1001 2685">
     <span class='ocr_line' id='line_1_29' title="bbox 81 2193 1001 2243; baseline 0.003 -15"><span class='ocrx_word' id='word_1_300' title='bbox 81 2193 130 2229; x_wconf 86' lang='lat' dir='ltr'><strong>Haec</strong></span> <span class='ocrx_word' id='word_1_301' title='bbox 142 2194 187 2229; x_wconf 89' lang='lat' dir='ltr'><strong>enirn</strong></span> <span class='ocrx_word' id='word_1_302' title='bbox 200 2205 299 2241; x_wconf 89' lang='lat' dir='ltr'><strong>quamquam</strong></span> <span class='ocrx_word' id='word_1_303' title='bbox 311 2195 342 2230; x_wconf 81' lang='lat' dir='ltr'><strong>viu</strong></span> <span class='ocrx_word' id='word_1_304' title='bbox 354 2199 429 2242; x_wconf 88' lang='lat' dir='ltr'><strong>quartam</strong></span> <span class='ocrx_word' id='word_1_305' title='bbox 441 2196 490 2230; x_wconf 83' lang='lat' dir='ltr'><strong>urrirrs</strong></span> <span class='ocrx_word' id='word_1_306' title='bbox 502 2197 567 2231; x_wconf 89' lang='lat' dir='ltr'><strong>saeculi</strong></span> <span class='ocrx_word' id='word_1_307' title='bbox 578 2200 643 2243; x_wconf 88' lang='lat' dir='ltr'><strong>partem</strong></span> <span class='ocrx_word' id='word_1_308' title='bbox 656 2206 726 2230; x_wconf 84' lang='lat' dir='ltr'><strong>enrensa</strong></span> <span class='ocrx_word' id='word_1_309' title='bbox 738 2196 755 2230; x_wconf 94' lang='lat' dir='ltr'><strong>in</strong></span> <span class='ocrx_word' id='word_1_310' title='bbox 766 2194 909 2231; x_wconf 89' lang='lat' dir='ltr'><strong>Universitatibus</strong></span> <span class='ocrx_word' id='word_1_311' title='bbox 922 2200 949 2231; x_wconf 87' lang='lat' dir='ltr'><strong>est</strong></span> <span class='ocrx_word' id='word_1_312' title='bbox 961 2200 1001 2231; x_wconf 89' lang='lat' dir='ltr'><strong>natu</strong></span> 
     </span>
     <span class='ocr_line' id='line_1_30' title="bbox 37 2256 999 2308; baseline 0 -15"><span class='ocrx_word' id='word_1_313' title='bbox 37 2258 119 2301; x_wconf 87' lang='lat' dir='ltr'><strong>minimis,</strong></span> <span class='ocrx_word' id='word_1_314' title='bbox 131 2267 164 2292; x_wconf 91' lang='lat' dir='ltr'><strong>nec</strong></span> <span class='ocrx_word' id='word_1_315' title='bbox 176 2268 254 2303; x_wconf 84' lang='lat' dir='ltr'><strong>rrrrrquam</strong></span> <span class='ocrx_word' id='word_1_316' title='bbox 262 2261 319 2293; x_wconf 90' lang='lat' dir='ltr'><strong>tamen</strong></span> <span class='ocrx_word' id='word_1_317' title='bbox 331 2262 401 2294; x_wconf 90' lang='lat' dir='ltr'><strong>nostrae</strong></span> <span class='ocrx_word' id='word_1_318' title='bbox 409 2257 450 2293; x_wconf 86' lang='lat' dir='ltr'><strong>Urbi</strong></span> <span class='ocrx_word' id='word_1_319' title='bbox 462 2256 532 2294; x_wconf 87' lang='lat' dir='ltr'><strong>scholae</strong></span> <span class='ocrx_word' id='word_1_320' title='bbox 541 2258 642 2303; x_wconf 72' lang='lat' dir='ltr'><strong>defuerunt,</strong></span> <span class='ocrx_word' id='word_1_321' title='bbox 655 2257 803 2308; x_wconf 23' lang='lat' dir='ltr'><strong>quibus-juventus</strong></span> <span class='ocrx_word' id='word_1_322' title='bbox 815 2257 836 2292; x_wconf 89' lang='lat' dir='ltr'><strong>ad</strong></span> <span class='ocrx_word' id='word_1_323' title='bbox 845 2268 913 2293; x_wconf 78' lang='lat' dir='ltr'><strong>enarrem</strong></span> <span class='ocrx_word' id='word_1_324' title='bbox 920 2257 999 2295; x_wconf 85' lang='lat' dir='ltr'><strong>lrunraui-</strong></span> 
     </span>
     <span class='ocr_line' id='line_1_31' title="bbox 36 2319 997 2369; baseline 0 -13"><span class='ocrx_word' id='word_1_325' title='bbox 36 2325 88 2357; x_wconf 88' lang='lat' dir='ltr'><strong>tatem</strong></span> <span class='ocrx_word' id='word_1_326' title='bbox 96 2319 184 2367; x_wconf 90' lang='lat' dir='ltr'><strong>bonasque</strong></span> <span class='ocrx_word' id='word_1_327' title='bbox 198 2325 244 2356; x_wconf 85' lang='lat' dir='ltr'><strong>artes</strong></span> <span class='ocrx_word' id='word_1_328' title='bbox 255 2320 386 2366; x_wconf 71' lang='lat' dir='ltr'><strong>informaretur,</strong></span> <span class='ocrx_word' id='word_1_329' title='bbox 403 2332 455 2368; x_wconf 89' lang='lat' dir='ltr'><strong>quae,</strong></span> <span class='ocrx_word' id='word_1_330' title='bbox 467 2326 557 2368; x_wconf 92' lang='lat' dir='ltr'><strong>postquam</strong></span> <span class='ocrx_word' id='word_1_331' title='bbox 570 2321 590 2357; x_wconf 92' lang='lat' dir='ltr'><strong>ad</strong></span> <span class='ocrx_word' id='word_1_332' title='bbox 603 2322 729 2369; x_wconf 87' lang='lat' dir='ltr'><strong>antiquissimae</strong></span> <span class='ocrx_word' id='word_1_333' title='bbox 741 2322 832 2356; x_wconf 91' lang='lat' dir='ltr'><strong>memoriae</strong></span> <span class='ocrx_word' id='word_1_334' title='bbox 841 2321 933 2367; x_wconf 77' lang='lat' dir='ltr'><strong>collegium</strong></span> <span class='ocrx_word' id='word_1_335' title='bbox 942 2322 997 2358; x_wconf 81' lang='lat' dir='ltr'><strong>Oaro-</strong></span> 
     </span>
     <span class='ocr_line' id='line_1_32' title="bbox 36 2382 998 2432; baseline -0.002 -12"><span class='ocrx_word' id='word_1_336' title='bbox 36 2385 87 2420; x_wconf 88' lang='lat' dir='ltr'><strong>liuum</strong></span> <span class='ocrx_word' id='word_1_337' title='bbox 100 2384 170 2431; x_wconf 90' lang='lat' dir='ltr'><strong>primum</strong></span> <span class='ocrx_word' id='word_1_338' title='bbox 182 2382 277 2429; x_wconf 75' lang='lat' dir='ltr'><strong>Collegium</strong></span> <span class='ocrx_word' id='word_1_339' title='bbox 289 2384 395 2420; x_wconf 89' lang='lat' dir='ltr'><strong>humanitatis</strong></span> <span class='ocrx_word' id='word_1_340' title='bbox 408 2389 442 2420; x_wconf 91' lang='lat' dir='ltr'><strong>tum</strong></span> <span class='ocrx_word' id='word_1_341' title='bbox 454 2386 529 2420; x_wconf 89' lang='lat' dir='ltr'><strong>instituta</strong></span> <span class='ocrx_word' id='word_1_342' title='bbox 541 2390 558 2421; x_wconf 91' lang='lat' dir='ltr'><strong>et</strong></span> <span class='ocrx_word' id='word_1_343' title='bbox 569 2384 652 2420; x_wconf 88' lang='lat' dir='ltr'><strong>medicum</strong></span> <span class='ocrx_word' id='word_1_344' title='bbox 665 2389 682 2420; x_wconf 87' lang='lat' dir='ltr'><strong>et</strong></span> <span class='ocrx_word' id='word_1_345' title='bbox 694 2385 780 2432; x_wconf 90' lang='lat' dir='ltr'><strong>politicum</strong></span> <span class='ocrx_word' id='word_1_346' title='bbox 792 2390 915 2430; x_wconf 84' lang='lat' dir='ltr'><strong>accesserunt,</strong></span> <span class='ocrx_word' id='word_1_347' title='bbox 927 2390 998 2432; x_wconf 86' lang='lat' dir='ltr'><strong>postre-</strong></span> 
     </span>
     <span class='ocr_line' id='line_1_33' title="bbox 36 2440 996 2495; baseline -0.001 -13"><span class='ocrx_word' id='word_1_348' title='bbox 36 2457 63 2483; x_wconf 91' lang='lat' dir='ltr'><strong>mo</strong></span> <span class='ocrx_word' id='word_1_349' title='bbox 72 2448 120 2494; x_wconf 84' lang='lat' dir='ltr'><strong>qrrasi</strong></span> <span class='ocrx_word' id='word_1_350' title='bbox 128 2445 231 2482; x_wconf 85' lang='lat' dir='ltr'><strong>Academiae</strong></span> <span class='ocrx_word' id='word_1_351' title='bbox 243 2448 260 2481; x_wconf 93' lang='lat' dir='ltr'><strong>in</strong></span> <span class='ocrx_word' id='word_1_352' title='bbox 273 2457 303 2481; x_wconf 89' lang='lat' dir='ltr'><strong>sua</strong></span> <span class='ocrx_word' id='word_1_353' title='bbox 314 2440 390 2482; x_wconf 82' lang='lat' dir='ltr'><strong>irrernbra</strong></span> <span class='ocrx_word' id='word_1_354' title='bbox 402 2452 493 2495; x_wconf 83' lang='lat' dir='ltr'><strong>separatae</strong></span> <span class='ocrx_word' id='word_1_355' title='bbox 505 2450 579 2495; x_wconf 86' lang='lat' dir='ltr'><strong>speciem</strong></span> <span class='ocrx_word' id='word_1_356' title='bbox 589 2448 672 2494; x_wconf 88' lang='lat' dir='ltr'><strong>quaudanr</strong></span> <span class='ocrx_word' id='word_1_357' title='bbox 684 2447 791 2492; x_wconf 82' lang='lat' dir='ltr'><strong>referebant,</strong></span> <span class='ocrx_word' id='word_1_358' title='bbox 805 2452 822 2483; x_wconf 91' lang='lat' dir='ltr'><strong>et</strong></span> <span class='ocrx_word' id='word_1_359' title='bbox 830 2448 861 2485; x_wconf 89' lang='lat' dir='ltr'><strong>bas</strong></span> <span class='ocrx_word' id='word_1_360' title='bbox 873 2450 917 2484; x_wconf 90' lang='lat' dir='ltr'><strong>inter</strong></span> <span class='ocrx_word' id='word_1_361' title='bbox 929 2447 996 2483; x_wconf 85' lang='lat' dir='ltr'><strong>scholas</strong></span> 
     </span>
     <span class='ocr_line' id='line_1_34' title="bbox 37 2508 999 2559; baseline 0 -14"><span class='ocrx_word' id='word_1_362' title='bbox 37 2515 87 2556; x_wconf 89' lang='lat' dir='ltr'><strong>atque</strong></span> <span class='ocrx_word' id='word_1_363' title='bbox 95 2509 175 2546; x_wconf 84' lang='lat' dir='ltr'><strong>Vestram</strong></span> <span class='ocrx_word' id='word_1_364' title='bbox 183 2508 316 2545; x_wconf 85' lang='lat' dir='ltr'><strong>Universitatem</strong></span> <span class='ocrx_word' id='word_1_365' title='bbox 329 2514 362 2544; x_wconf 87' lang='lat' dir='ltr'><strong>taur</strong></span> <span class='ocrx_word' id='word_1_366' title='bbox 374 2509 455 2557; x_wconf 84' lang='lat' dir='ltr'><strong>frequens</strong></span> <span class='ocrx_word' id='word_1_367' title='bbox 464 2510 562 2559; x_wconf 83' lang='lat' dir='ltr'><strong>florensque</strong></span> <span class='ocrx_word' id='word_1_368' title='bbox 574 2521 643 2559; x_wconf 90' lang='lat' dir='ltr'><strong>semper</strong></span> <span class='ocrx_word' id='word_1_369' title='bbox 657 2511 749 2548; x_wconf 87' lang='lat' dir='ltr'><strong>studiorum</strong></span> <span class='ocrx_word' id='word_1_370' title='bbox 764 2511 884 2559; x_wconf 89' lang='lat' dir='ltr'><strong>literarumque</strong></span> <span class='ocrx_word' id='word_1_371' title='bbox 901 2511 999 2547; x_wconf 86' lang='lat' dir='ltr'><strong>intercessit</strong></span> 
     </span>
     <span class='ocr_line' id='line_1_35' title="bbox 38 2572 998 2622; baseline 0.002 -15"><span class='ocrx_word' id='word_1_372' title='bbox 38 2574 164 2618; x_wconf 74' lang='lat' dir='ltr'><strong>courmerctum,</strong></span> <span class='ocrx_word' id='word_1_373' title='bbox 177 2576 201 2616; x_wconf 76' lang='lat' dir='ltr'><strong>ut,</strong></span> <span class='ocrx_word' id='word_1_374' title='bbox 214 2572 262 2618; x_wconf 82' lang='lat' dir='ltr'><strong>liujus</strong></span> <span class='ocrx_word' id='word_1_375' title='bbox 275 2582 338 2607; x_wconf 88' lang='lat' dir='ltr'><strong>sunmra</strong></span> <span class='ocrx_word' id='word_1_376' title='bbox 347 2576 410 2607; x_wconf 80' lang='lat' dir='ltr'><strong>tanturn</strong></span> <span class='ocrx_word' id='word_1_377' title='bbox 423 2576 477 2620; x_wconf 88' lang='lat' dir='ltr'><strong>capita</strong></span> <span class='ocrx_word' id='word_1_378' title='bbox 489 2574 504 2610; x_wconf 91' lang='lat' dir='ltr'><strong>si</strong></span> <span class='ocrx_word' id='word_1_379' title='bbox 512 2574 540 2610; x_wconf 89' lang='lat' dir='ltr'><strong>vel</strong></span> <span class='ocrx_word' id='word_1_380' title='bbox 553 2575 634 2610; x_wconf 88' lang='lat' dir='ltr'><strong>celeriter</strong></span> <span class='ocrx_word' id='word_1_381' title='bbox 642 2585 746 2622; x_wconf 89' lang='lat' dir='ltr'><strong>percurrere</strong></span> <span class='ocrx_word' id='word_1_382' title='bbox 754 2574 824 2620; x_wconf 72' lang='lat' dir='ltr'><strong>vellem,</strong></span> <span class='ocrx_word' id='word_1_383' title='bbox 836 2573 892 2610; x_wconf 87' lang='lat' dir='ltr'><strong>libello</strong></span> <span class='ocrx_word' id='word_1_384' title='bbox 905 2573 943 2608; x_wconf 88' lang='lat' dir='ltr'><strong>anibi</strong></span> <span class='ocrx_word' id='word_1_385' title='bbox 955 2585 998 2621; x_wconf 74' lang='lat' dir='ltr'><strong>opens</strong></span> 
     </span>
     <span class='ocr_line' id='line_1_36' title="bbox 5 2633 998 2685; baseline 0.003 -16"><span class='ocrx_word' id='word_1_386' title='bbox 5 2677 6 2681; x_wconf 13' lang='grc' dir='ltr'><strong>Ἰ</strong></span> <span class='ocrx_word' id='word_1_387' title='bbox 37 2638 85 2670; x_wconf 87' lang='lat' dir='ltr'><strong>esset</strong></span> <span class='ocrx_word' id='word_1_388' title='bbox 100 2635 149 2682; x_wconf 82' lang='lat' dir='ltr'><strong>lurjus</strong></span> <span class='ocrx_word' id='word_1_389' title='bbox 163 2636 258 2683; x_wconf 89' lang='lat' dir='ltr'><strong>scriptionis</strong></span> <span class='ocrx_word' id='word_1_390' title='bbox 273 2633 316 2670; x_wconf 76' lang='lat' dir='ltr'><strong>stares</strong></span> <span class='ocrx_word' id='word_1_391' title='bbox 332 2636 401 2671; x_wconf 84' lang='lat' dir='ltr'><strong>inultum</strong></span> <span class='ocrx_word' id='word_1_392' title='bbox 415 2646 536 2684; x_wconf 77' lang='lat' dir='ltr'><strong>supergresso.</strong></span> <span class='ocrx_word' id='word_1_393' title='bbox 562 2637 597 2673; x_wconf 86' lang='lat' dir='ltr'><strong>Sed</strong></span> <span class='ocrx_word' id='word_1_394' title='bbox 609 2648 642 2672; x_wconf 89' lang='lat' dir='ltr'><strong>nec</strong></span> <span class='ocrx_word' id='word_1_395' title='bbox 654 2648 697 2685; x_wconf 90' lang='lat' dir='ltr'><strong>opus</strong></span> <span class='ocrx_word' id='word_1_396' title='bbox 710 2642 737 2674; x_wconf 87' lang='lat' dir='ltr'><strong>est</strong></span> <span class='ocrx_word' id='word_1_397' title='bbox 749 2637 831 2683; x_wconf 82' lang='lat' dir='ltr'><strong>ejrrsrnodi</strong></span> <span class='ocrx_word' id='word_1_398' title='bbox 842 2636 907 2681; x_wconf 72' lang='lat' dir='ltr'><strong>indice,</strong></span> <span class='ocrx_word' id='word_1_399' title='bbox 926 2647 964 2672; x_wconf 84' lang='lat' dir='ltr'><strong>curu</strong></span> <span class='ocrx_word' id='word_1_400' title='bbox 977 2647 998 2672; x_wconf 92' lang='lat' dir='ltr'><strong>ea</strong></span> 
     </span>
    </p>
   </div>
   <div class='ocr_carea' id='block_1_4' title="bbox 0 0 1102 2995">
    <p class='ocr_par' dir='ltr' id='par_1_7' title="bbox 0 0 1102 2995">
     <span class='ocr_line' id='line_1_37' title="bbox 0 0 1102 2995; baseline 0 0"><span class='ocrx_word' id='word_1_401' title='bbox 0 0 1102 2995; x_wconf 95' lang='lat' dir='ltr'><strong> </strong></span> 
     </span>
    </p>
   </div>
  </div>
 </body>
</html>
