<?xml version="1.0" encoding="UTF-8"?>
<!DOCTYPE html PUBLIC "-//W3C//DTD XHTML 1.0 Transitional//EN"
    "http://www.w3.org/TR/xhtml1/DTD/xhtml1-transitional.dtd">
<html xmlns="http://www.w3.org/1999/xhtml" xml:lang="en" lang="en">
 <head>
  <title>
</title>
<meta http-equiv="Content-Type" content="text/html;charset=utf-8" />
  <meta name='ocr-system' content='tesseract 3.04.00' />
  <meta name='ocr-capabilities' content='ocr_page ocr_carea ocr_par ocr_line ocrx_word'/>
</head>
<body>
  <div class='ocr_page' id='page_1' title='image "./MN41467ucmf_0_0039.png"; bbox 0 0 2194 2995; ppageno 0'>
   <div class='ocr_carea' id='block_1_1' title="bbox 440 204 597 239">
    <p class='ocr_par' dir='ltr' id='par_1_1' title="bbox 440 204 597 239">
     <span class='ocr_line' id='line_1_1' title="bbox 440 204 597 239; baseline 0 0"><span class='ocrx_word' id='word_1_1' title='bbox 440 204 597 239; x_wconf 71' lang='lat' dir='ltr'>&#39;-ta-</span> 
     </span>
    </p>
   </div>
   <div class='ocr_carea' id='block_1_2' title="bbox 4 294 1049 2635">
    <p class='ocr_par' dir='ltr' id='par_1_2' title="bbox 36 294 1024 349">
     <span class='ocr_line' id='line_1_2' title="bbox 36 294 1024 349; baseline -0.005 -8"><span class='ocrx_word' id='word_1_2' title='bbox 36 314 48 343; x_wconf 69' lang='lat' dir='ltr'><strong>J</strong></span> <span class='ocrx_word' id='word_1_3' title='bbox 71 325 73 327; x_wconf 90' lang='lat'>·</span> <span class='ocrx_word' id='word_1_4' title='bbox 105 307 121 347; x_wconf 82' lang='grc'>7,</span> <span class='ocrx_word' id='word_1_5' title='bbox 134 318 152 343; x_wconf 78' lang='lat'>32</span> <span class='ocrx_word' id='word_1_6' title='bbox 165 306 192 341; x_wconf 83' lang='grc' dir='ltr'>ναὶ</span> <span class='ocrx_word' id='word_1_7' title='bbox 205 294 323 348; x_wconf 64' lang='lat' dir='ltr'>elementor</span> <span class='ocrx_word' id='word_1_8' title='bbox 336 311 352 340; x_wconf 89' lang='lat' dir='ltr'>et</span> <span class='ocrx_word' id='word_1_9' title='bbox 365 317 383 343; x_wconf 77' lang='lat' dir='ltr'>aa</span> <span class='ocrx_word' id='word_1_10' title='bbox 396 306 424 340; x_wconf 82' lang='grc' dir='ltr'>καὶ</span> <span class='ocrx_word' id='word_1_11' title='bbox 437 306 537 349; x_wconf 71' lang='grc' dir='ltr'><strong><em>Φαρισαίους</em></strong></span> <span class='ocrx_word' id='word_1_12' title='bbox 551 316 583 340; x_wconf 92' lang='lat' dir='ltr'>non</span> <span class='ocrx_word' id='word_1_13' title='bbox 597 304 676 339; x_wconf 85' lang='lat' dir='ltr'>hahuisse</span> <span class='ocrx_word' id='word_1_14' title='bbox 692 303 828 338; x_wconf 87' lang='lat' dir='ltr'>Nonnumetiam</span> <span class='ocrx_word' id='word_1_15' title='bbox 843 303 921 338; x_wconf 91' lang='lat' dir='ltr'>librorum</span> <span class='ocrx_word' id='word_1_16' title='bbox 937 303 953 336; x_wconf 91' lang='lat' dir='ltr'>in</span> <span class='ocrx_word' id='word_1_17' title='bbox 970 303 1024 348; x_wconf 87' lang='lat' dir='ltr'>priore</span> 
     </span>
    </p>

    <p class='ocr_par' dir='ltr' id='par_1_3' title="bbox 59 370 686 415">
     <span class='ocr_line' id='line_1_3' title="bbox 59 370 686 415; baseline -0.005 -10"><span class='ocrx_word' id='word_1_18' title='bbox 59 372 97 405; x_wconf 86' lang='lat' dir='ltr'>loco</span> <span class='ocrx_word' id='word_1_19' title='bbox 109 370 219 415; x_wconf 66' lang='lat' dir='ltr'>discrepantia</span> <span class='ocrx_word' id='word_1_20' title='bbox 230 374 312 404; x_wconf 89' lang='lat' dir='ltr'>monstrat.</span> <span class='ocrx_word' id='word_1_21' title='bbox 684 404 686 406; x_wconf 64' lang='grc'>,</span> 
     </span>
    </p>

    <p class='ocr_par' dir='ltr' id='par_1_4' title="bbox 104 424 1025 479">
     <span class='ocr_line' id='line_1_4' title="bbox 104 424 1025 479; baseline -0.003 -12"><span class='ocrx_word' id='word_1_22' title='bbox 104 433 121 474; x_wconf 85' lang='grc'>8,</span> <span class='ocrx_word' id='word_1_23' title='bbox 134 445 152 469; x_wconf 75' lang='lat'>52</span> <span class='ocrx_word' id='word_1_24' title='bbox 163 434 186 471; x_wconf 73' lang='grc' dir='ltr'>εἰς</span> <span class='ocrx_word' id='word_1_25' title='bbox 196 431 226 466; x_wconf 79' lang='grc' dir='ltr'>τὸν</span> <span class='ocrx_word' id='word_1_26' title='bbox 239 432 296 474; x_wconf 69' lang='lat' dir='ltr'>calata,</span> <span class='ocrx_word' id='word_1_27' title='bbox 311 433 371 479; x_wconf 88' lang='lat' dir='ltr'>quibus</span> <span class='ocrx_word' id='word_1_28' title='bbox 385 424 424 477; x_wconf 59' lang='lat' dir='ltr'>vpost</span> <span class='ocrx_word' id='word_1_29' title='bbox 440 429 464 464; x_wconf 74' lang='grc' dir='ltr'>οὐ</span> <span class='ocrx_word' id='word_1_30' title='bbox 473 429 495 474; x_wconf 77' lang='grc' dir='ltr'>μὴ</span> <span class='ocrx_word' id='word_1_31' title='bbox 510 429 586 475; x_wconf 75' lang='grc' dir='ltr'>γεύσηται</span> <span class='ocrx_word' id='word_1_32' title='bbox 600 430 677 466; x_wconf 56' lang='lat' dir='ltr'>&amp;aaaron</span> <span class='ocrx_word' id='word_1_33' title='bbox 693 430 781 466; x_wconf 86' lang='lat' dir='ltr'>commode</span> <span class='ocrx_word' id='word_1_34' title='bbox 798 441 855 466; x_wconf 86' lang='lat' dir='ltr'>carere</span> <span class='ocrx_word' id='word_1_35' title='bbox 872 442 968 476; x_wconf 87' lang='lat' dir='ltr'>possumus,</span> <span class='ocrx_word' id='word_1_36' title='bbox 986 441 1025 465; x_wconf 90' lang='lat' dir='ltr'>cum</span> 
     </span>
    </p>

    <p class='ocr_par' dir='ltr' id='par_1_5' title="bbox 4 495 477 542">
     <span class='ocr_line' id='line_1_5' title="bbox 4 495 477 542; baseline -0.006 -11"><span class='ocrx_word' id='word_1_37' title='bbox 4 523 6 526; x_wconf 81' lang='grc'>.</span> <span class='ocrx_word' id='word_1_38' title='bbox 59 498 117 531; x_wconf 83' lang='grc' dir='ltr'><strong><em>Νοιιιιο</em></strong></span> <span class='ocrx_word' id='word_1_39' title='bbox 130 497 178 530; x_wconf 88' lang='lat' dir='ltr'>etiam</span> <span class='ocrx_word' id='word_1_40' title='bbox 190 497 227 530; x_wconf 90' lang='lat' dir='ltr'>cod.</span> <span class='ocrx_word' id='word_1_41' title='bbox 240 498 253 530; x_wconf 90' lang='lat' dir='ltr'>D</span> <span class='ocrx_word' id='word_1_42' title='bbox 265 495 325 542; x_wconf 83' lang='lat' dir='ltr'>aliique</span> <span class='ocrx_word' id='word_1_43' title='bbox 336 501 387 529; x_wconf 86' lang='lat' dir='ltr'>testes</span> <span class='ocrx_word' id='word_1_44' title='bbox 399 495 477 530; x_wconf 89' lang='lat' dir='ltr'>omittunt.</span> 
     </span>
    </p>

    <p class='ocr_par' dir='ltr' id='par_1_6' title="bbox 106 557 529 603">
     <span class='ocr_line' id='line_1_6' title="bbox 106 557 529 603; baseline -0.005 -10"><span class='ocrx_word' id='word_1_45' title='bbox 106 560 133 601; x_wconf 85' lang='lat'>10,</span> <span class='ocrx_word' id='word_1_46' title='bbox 145 570 162 596; x_wconf 74' lang='lat' dir='ltr'>as</span> <span class='ocrx_word' id='word_1_47' title='bbox 174 557 287 599; x_wconf 63' lang='lat' dir='ltr'>acutissimos</span> <span class='ocrx_word' id='word_1_48' title='bbox 298 557 338 603; x_wconf 76' lang='grc' dir='ltr'><strong><em>ὑμῖν</em></strong></span> <span class='ocrx_word' id='word_1_49' title='bbox 350 558 399 592; x_wconf 85' lang='lat' dir='ltr'>etiam</span> <span class='ocrx_word' id='word_1_50' title='bbox 411 559 488 593; x_wconf 88' lang='lat' dir='ltr'>damnant</span> <span class='ocrx_word' id='word_1_51' title='bbox 499 558 529 591; x_wconf 93' lang='lat' dir='ltr'>LB.</span> 
     </span>
    </p>

    <p class='ocr_par' dir='ltr' id='par_1_7' title="bbox 103 620 599 664">
     <span class='ocr_line' id='line_1_7' title="bbox 103 620 599 664; baseline -0.008 -7"><span class='ocrx_word' id='word_1_52' title='bbox 103 623 153 657; x_wconf 87' lang='lat' dir='ltr'>lbid.</span> <span class='ocrx_word' id='word_1_53' title='bbox 165 634 182 660; x_wconf 79' lang='lat' dir='ltr'>at</span> <span class='ocrx_word' id='word_1_54' title='bbox 195 630 211 657; x_wconf 89' lang='lat' dir='ltr'>et</span> <span class='ocrx_word' id='word_1_55' title='bbox 223 623 252 664; x_wconf 82' lang='grc'>11,</span> <span class='ocrx_word' id='word_1_56' title='bbox 265 634 282 659; x_wconf 79' lang='lat' dir='ltr'>aa</span> <span class='ocrx_word' id='word_1_57' title='bbox 292 621 342 656; x_wconf 76' lang='grc' dir='ltr'><strong><em>πάλιν</em></strong></span> <span class='ocrx_word' id='word_1_58' title='bbox 354 622 370 655; x_wconf 97' lang='lat' dir='ltr'>in</span> <span class='ocrx_word' id='word_1_59' title='bbox 382 622 417 655; x_wconf 92' lang='lat' dir='ltr'>aliis</span> <span class='ocrx_word' id='word_1_60' title='bbox 430 622 478 655; x_wconf 88' lang='lat' dir='ltr'>etiam</span> <span class='ocrx_word' id='word_1_61' title='bbox 490 620 534 654; x_wconf 91' lang='lat' dir='ltr'>libris</span> <span class='ocrx_word' id='word_1_62' title='bbox 547 620 599 654; x_wconf 82' lang='lat' dir='ltr'>deest.</span> 
     </span>
    </p>

    <p class='ocr_par' dir='ltr' id='par_1_8' title="bbox 105 678 641 729">
     <span class='ocr_line' id='line_1_8' title="bbox 105 678 641 729; baseline -0.006 -10"><span class='ocrx_word' id='word_1_63' title='bbox 105 686 134 725; x_wconf 84' lang='lat'>13,</span> <span class='ocrx_word' id='word_1_64' title='bbox 146 694 165 722; x_wconf 77' lang='lat' dir='ltr'>al</span> <span class='ocrx_word' id='word_1_65' title='bbox 176 685 209 719; x_wconf 77' lang='grc' dir='ltr'>εἰπὲ</span> <span class='ocrx_word' id='word_1_66' title='bbox 221 697 258 727; x_wconf 84' lang='lat' dir='ltr'>cum</span> <span class='ocrx_word' id='word_1_67' title='bbox 269 687 327 720; x_wconf 83' lang='lat' dir='ltr'>Nonne</span> <span class='ocrx_word' id='word_1_68' title='bbox 339 685 387 718; x_wconf 88' lang='lat' dir='ltr'>etiam</span> <span class='ocrx_word' id='word_1_69' title='bbox 399 684 479 729; x_wconf 80' lang='lat' dir='ltr'>Origenes</span> <span class='ocrx_word' id='word_1_70' title='bbox 492 683 549 719; x_wconf 82' lang='lat' dir='ltr'>omisit.</span> <span class='ocrx_word' id='word_1_71' title='bbox 640 678 641 682; x_wconf 64' lang='grc'>’</span> 
     </span>
    </p>

    <p class='ocr_par' dir='ltr' id='par_1_9' title="bbox 59 744 1023 924">
     <span class='ocr_line' id='line_1_9' title="bbox 105 744 1023 795; baseline -0.002 -12"><span class='ocrx_word' id='word_1_72' title='bbox 105 750 133 789; x_wconf 84' lang='grc'>14,</span> <span class='ocrx_word' id='word_1_73' title='bbox 146 760 164 786; x_wconf 79' lang='grc' dir='ltr'>ιιι</span> <span class='ocrx_word' id='word_1_74' title='bbox 175 747 203 782; x_wconf 72' lang='lat' dir='ltr'>icta</span> <span class='ocrx_word' id='word_1_75' title='bbox 214 761 230 782; x_wconf 81' lang='grc' dir='ltr'>τι</span> <span class='ocrx_word' id='word_1_76' title='bbox 241 747 314 792; x_wconf 82' lang='grc' dir='ltr'><strong><em>αιίησηιε</em></strong></span> <span class='ocrx_word' id='word_1_77' title='bbox 327 748 344 782; x_wconf 84' lang='grc' dir='ltr'>ἐν</span> <span class='ocrx_word' id='word_1_78' title='bbox 355 750 378 793; x_wconf 69' lang='grc' dir='ltr'>νηὶ</span> <span class='ocrx_word' id='word_1_79' title='bbox 390 746 459 791; x_wconf 79' lang='grc' dir='ltr'><strong><em>όνόμανλ</em></strong></span> <span class='ocrx_word' id='word_1_80' title='bbox 470 760 510 791; x_wconf 91' lang='grc' dir='ltr'>μον,</span> <span class='ocrx_word' id='word_1_81' title='bbox 523 745 554 789; x_wconf 70' lang='lat' dir='ltr'>lya)</span> <span class='ocrx_word' id='word_1_82' title='bbox 565 744 632 789; x_wconf 77' lang='grc' dir='ltr'><strong><em>ποιησαι.</em></strong></span> <span class='ocrx_word' id='word_1_83' title='bbox 647 749 715 795; x_wconf 76' lang='lat' dir='ltr'>Versum</span> <span class='ocrx_word' id='word_1_84' title='bbox 727 753 797 792; x_wconf 85' lang='lat' dir='ltr'>excepta</span> <span class='ocrx_word' id='word_1_85' title='bbox 808 747 888 793; x_wconf 86' lang='lat' dir='ltr'>particula</span> <span class='ocrx_word' id='word_1_86' title='bbox 900 745 936 785; x_wconf 75' lang='grc' dir='ltr'>ἐν’ν,</span> <span class='ocrx_word' id='word_1_87' title='bbox 948 758 978 792; x_wconf 88' lang='lat' dir='ltr'>pro</span> <span class='ocrx_word' id='word_1_88' title='bbox 991 757 1023 793; x_wconf 87' lang='lat' dir='ltr'>qua</span> 
     </span>
     <span class='ocr_line' id='line_1_10' title="bbox 59 810 1023 859; baseline -0.005 -11"><span class='ocrx_word' id='word_1_89' title='bbox 59 813 84 848; x_wconf 77' lang='lat' dir='ltr'>iim</span> <span class='ocrx_word' id='word_1_90' title='bbox 99 812 120 846; x_wconf 77' lang='lat' dir='ltr'>tu</span> <span class='ocrx_word' id='word_1_91' title='bbox 134 814 210 859; x_wconf 74' lang='lat' dir='ltr'>legimus,</span> <span class='ocrx_word' id='word_1_92' title='bbox 228 825 249 848; x_wconf 78' lang='lat' dir='ltr'>ex</span> <span class='ocrx_word' id='word_1_93' title='bbox 263 814 370 847; x_wconf 76' lang='lat' dir='ltr'>antecedente</span> <span class='ocrx_word' id='word_1_94' title='bbox 386 813 407 846; x_wconf 85' lang='lat' dir='ltr'>ad</span> <span class='ocrx_word' id='word_1_95' title='bbox 421 812 490 846; x_wconf 89' lang='lat' dir='ltr'>verhum</span> <span class='ocrx_word' id='word_1_96' title='bbox 506 812 604 856; x_wconf 75' lang='lat' dir='ltr'>exscriptum</span> <span class='ocrx_word' id='word_1_97' title='bbox 620 811 668 845; x_wconf 87' lang='lat' dir='ltr'>etiam</span> <span class='ocrx_word' id='word_1_98' title='bbox 684 810 710 844; x_wconf 90' lang='lat' dir='ltr'>alii</span> <span class='ocrx_word' id='word_1_99' title='bbox 726 816 777 844; x_wconf 90' lang='lat' dir='ltr'>testes</span> <span class='ocrx_word' id='word_1_100' title='bbox 794 811 876 852; x_wconf 79' lang='lat' dir='ltr'>omittunt,</span> <span class='ocrx_word' id='word_1_101' title='bbox 894 811 990 851; x_wconf 82' lang='lat' dir='ltr'>rectissime,</span> <span class='ocrx_word' id='word_1_102' title='bbox 1009 810 1023 844; x_wconf 88' lang='lat' dir='ltr'>si</span> 
     </span>
     <span class='ocr_line' id='line_1_11' title="bbox 59 876 164 924; baseline 0 -13"><span class='ocrx_word' id='word_1_103' title='bbox 59 876 99 924; x_wconf 82' lang='lat' dir='ltr'>quid</span> <span class='ocrx_word' id='word_1_104' title='bbox 110 877 164 911; x_wconf 83' lang='lat' dir='ltr'>rideo.</span> 
     </span>
    </p>

    <p class='ocr_par' dir='ltr' id='par_1_10' title="bbox 10 935 1023 1050">
     <span class='ocr_line' id='line_1_12' title="bbox 104 935 1023 985; baseline -0.002 -12"><span class='ocrx_word' id='word_1_105' title='bbox 104 940 133 979; x_wconf 82' lang='lat'>19,</span> <span class='ocrx_word' id='word_1_106' title='bbox 146 951 163 977; x_wconf 69' lang='grc' dir='ltr'>ιη</span> <span class='ocrx_word' id='word_1_107' title='bbox 176 939 201 972; x_wconf 79' lang='lat' dir='ltr'>aul</span> <span class='ocrx_word' id='word_1_108' title='bbox 214 938 282 983; x_wconf 73' lang='grc' dir='ltr'><strong><em>ἤγαγον,</em></strong></span> <span class='ocrx_word' id='word_1_109' title='bbox 295 940 339 985; x_wconf 89' lang='lat' dir='ltr'>quod</span> <span class='ocrx_word' id='word_1_110' title='bbox 351 939 368 972; x_wconf 89' lang='lat' dir='ltr'>in</span> <span class='ocrx_word' id='word_1_111' title='bbox 379 944 447 983; x_wconf 84' lang='lat' dir='ltr'>recepta</span> <span class='ocrx_word' id='word_1_112' title='bbox 459 939 523 972; x_wconf 81' lang='lat' dir='ltr'>additur</span> <span class='ocrx_word' id='word_1_113' title='bbox 534 943 573 982; x_wconf 89' lang='lat' dir='ltr'>post</span> <span class='ocrx_word' id='word_1_114' title='bbox 582 936 654 979; x_wconf 77' lang='grc' dir='ltr'><strong><em>Ἰησοῦν,</em></strong></span> <span class='ocrx_word' id='word_1_115' title='bbox 665 940 698 982; x_wconf 88' lang='lat' dir='ltr'>jam</span> <span class='ocrx_word' id='word_1_116' title='bbox 709 938 748 971; x_wconf 72' lang='grc' dir='ltr'>[ΤΒ</span> <span class='ocrx_word' id='word_1_117' title='bbox 761 937 861 972; x_wconf 82' lang='lat' dir='ltr'>deleverant</span> <span class='ocrx_word' id='word_1_118' title='bbox 884 939 924 972; x_wconf 94' lang='lat' dir='ltr'>Item</span> <span class='ocrx_word' id='word_1_119' title='bbox 935 937 963 977; x_wconf 82' lang='grc'>-21,</span> <span class='ocrx_word' id='word_1_120' title='bbox 976 948 984 973; x_wconf 80' lang='lat'>3</span> <span class='ocrx_word' id='word_1_121' title='bbox 995 935 1023 971; x_wconf 77' lang='grc' dir='ltr'>εὐ-</span> 
     </span>
     <span class='ocr_line' id='line_1_13' title="bbox 10 1002 435 1050; baseline -0.007 -12"><span class='ocrx_word' id='word_1_122' title='bbox 10 1048 15 1050; x_wconf 22' lang='lat'>&gt;</span> <span class='ocrx_word' id='word_1_123' title='bbox 58 1002 98 1044; x_wconf 69' lang='lat' dir='ltr'>urie,</span> <span class='ocrx_word' id='word_1_124' title='bbox 111 1004 155 1049; x_wconf 92' lang='lat' dir='ltr'>quod</span> <span class='ocrx_word' id='word_1_125' title='bbox 167 1003 216 1047; x_wconf 77' lang='lat' dir='ltr'>uulgo</span> <span class='ocrx_word' id='word_1_126' title='bbox 228 1008 266 1047; x_wconf 90' lang='lat' dir='ltr'>post</span> <span class='ocrx_word' id='word_1_127' title='bbox 276 1005 333 1035; x_wconf 84' lang='grc' dir='ltr'><strong><em>νιλοῖον</em></strong></span> <span class='ocrx_word' id='word_1_128' title='bbox 344 1002 435 1046; x_wconf 83' lang='lat' dir='ltr'>legebatur.</span> 
     </span>
    </p>

    <p class='ocr_par' dir='ltr' id='par_1_11' title="bbox 58 1063 1021 1175">
     <span class='ocr_line' id='line_1_14' title="bbox 102 1063 1021 1110; baseline -0.003 -10"><span class='ocrx_word' id='word_1_129' title='bbox 102 1067 146 1100; x_wconf 79' lang='lat' dir='ltr'>Alios</span> <span class='ocrx_word' id='word_1_130' title='bbox 159 1067 213 1106; x_wconf 79' lang='lat' dir='ltr'>locos,</span> <span class='ocrx_word' id='word_1_131' title='bbox 229 1066 246 1100; x_wconf 91' lang='lat' dir='ltr'>in</span> <span class='ocrx_word' id='word_1_132' title='bbox 261 1065 319 1110; x_wconf 86' lang='lat' dir='ltr'>quihus</span> <span class='ocrx_word' id='word_1_133' title='bbox 334 1065 428 1099; x_wconf 82' lang='lat' dir='ltr'>decurtatus</span> <span class='ocrx_word' id='word_1_134' title='bbox 442 1064 509 1098; x_wconf 91' lang='lat' dir='ltr'>Nonnici</span> <span class='ocrx_word' id='word_1_135' title='bbox 525 1063 604 1108; x_wconf 75' lang='lat' dir='ltr'>euangelii</span> <span class='ocrx_word' id='word_1_136' title='bbox 619 1069 673 1098; x_wconf 78' lang='lat' dir='ltr'>textus</span> <span class='ocrx_word' id='word_1_137' title='bbox 688 1064 745 1107; x_wconf 82' lang='lat' dir='ltr'>partim</span> <span class='ocrx_word' id='word_1_138' title='bbox 762 1069 807 1098; x_wconf 88' lang='lat' dir='ltr'>certe</span> <span class='ocrx_word' id='word_1_139' title='bbox 820 1064 948 1098; x_wconf 87' lang='lat' dir='ltr'>testimoniorum</span> <span class='ocrx_word' id='word_1_140' title='bbox 960 1064 1021 1098; x_wconf 82' lang='lat' dir='ltr'>indiciis</span> 
     </span>
     <span class='ocr_line' id='line_1_15' title="bbox 58 1128 395 1175; baseline -0.012 -10"><span class='ocrx_word' id='word_1_141' title='bbox 58 1131 152 1175; x_wconf 82' lang='lat' dir='ltr'>adjuvatur,</span> <span class='ocrx_word' id='word_1_142' title='bbox 165 1130 204 1163; x_wconf 79' lang='lat' dir='ltr'>inira</span> <span class='ocrx_word' id='word_1_143' title='bbox 216 1129 277 1174; x_wconf 90' lang='lat' dir='ltr'>passim</span> <span class='ocrx_word' id='word_1_144' title='bbox 289 1128 395 1163; x_wconf 85' lang='lat' dir='ltr'>inveniemus.</span> 
     </span>
    </p>

    <p class='ocr_par' dir='ltr' id='par_1_12' title="bbox 56 1190 1049 1619">
     <span class='ocr_line' id='line_1_16' title="bbox 102 1190 1022 1236; baseline -0.001 -9"><span class='ocrx_word' id='word_1_145' title='bbox 102 1194 201 1227; x_wconf 80' lang='lat' dir='ltr'>Accedimus</span> <span class='ocrx_word' id='word_1_146' title='bbox 213 1194 255 1227; x_wconf 89' lang='lat' dir='ltr'>enim</span> <span class='ocrx_word' id='word_1_147' title='bbox 265 1193 298 1236; x_wconf 77' lang='lat' dir='ltr'>jam</span> <span class='ocrx_word' id='word_1_148' title='bbox 312 1192 333 1226; x_wconf 88' lang='lat' dir='ltr'>ad</span> <span class='ocrx_word' id='word_1_149' title='bbox 351 1202 380 1225; x_wconf 89' lang='lat' dir='ltr'>eos</span> <span class='ocrx_word' id='word_1_150' title='bbox 392 1192 446 1231; x_wconf 86' lang='lat' dir='ltr'>locos,</span> <span class='ocrx_word' id='word_1_151' title='bbox 463 1202 511 1236; x_wconf 88' lang='lat' dir='ltr'>quos</span> <span class='ocrx_word' id='word_1_152' title='bbox 527 1190 585 1224; x_wconf 91' lang='lat' dir='ltr'>solus</span> <span class='ocrx_word' id='word_1_153' title='bbox 600 1190 680 1224; x_wconf 86' lang='lat' dir='ltr'>Nonnus</span> <span class='ocrx_word' id='word_1_154' title='bbox 695 1190 803 1225; x_wconf 82' lang='lat' dir='ltr'>breviores</span> <span class='ocrx_word' id='word_1_155' title='bbox 820 1190 917 1226; x_wconf 87' lang='lat' dir='ltr'>hahuisse</span> <span class='ocrx_word' id='word_1_156' title='bbox 931 1192 1022 1236; x_wconf 86' lang='lat' dir='ltr'>videtur,</span> 
     </span>
     <span class='ocr_line' id='line_1_17' title="bbox 58 1255 1049 1304; baseline -0.002 -12"><span class='ocrx_word' id='word_1_157' title='bbox 58 1268 107 1304; x_wconf 87' lang='lat' dir='ltr'>quam</span> <span class='ocrx_word' id='word_1_158' title='bbox 119 1258 177 1303; x_wconf 88' lang='lat' dir='ltr'>quales</span> <span class='ocrx_word' id='word_1_159' title='bbox 189 1257 238 1290; x_wconf 84' lang='lat' dir='ltr'>hodie</span> <span class='ocrx_word' id='word_1_160' title='bbox 249 1258 265 1290; x_wconf 90' lang='lat' dir='ltr'>in</span> <span class='ocrx_word' id='word_1_161' title='bbox 277 1256 352 1290; x_wconf 88' lang='lat' dir='ltr'>omnihus</span> <span class='ocrx_word' id='word_1_162' title='bbox 364 1255 410 1289; x_wconf 84' lang='lat' dir='ltr'>libris</span> <span class='ocrx_word' id='word_1_163' title='bbox 421 1256 501 1300; x_wconf 85' lang='lat' dir='ltr'>leguntur.</span> <span class='ocrx_word' id='word_1_164' title='bbox 525 1256 584 1290; x_wconf 84' lang='lat' dir='ltr'>Eorum</span> <span class='ocrx_word' id='word_1_165' title='bbox 597 1266 655 1301; x_wconf 84' lang='lat' dir='ltr'>agmen</span> <span class='ocrx_word' id='word_1_166' title='bbox 668 1256 729 1291; x_wconf 86' lang='lat' dir='ltr'>ducunt</span> <span class='ocrx_word' id='word_1_167' title='bbox 743 1256 805 1301; x_wconf 88' lang='lat' dir='ltr'>aliquot</span> <span class='ocrx_word' id='word_1_168' title='bbox 816 1258 913 1298; x_wconf 85' lang='lat' dir='ltr'>sententiae,</span> <span class='ocrx_word' id='word_1_169' title='bbox 930 1267 1023 1302; x_wconf 85' lang='lat' dir='ltr'>quaecum</span> <span class='ocrx_word' id='word_1_170' title='bbox 1047 1274 1049 1277; x_wconf 86' lang='lat'><em>.</em></span> 
     </span>
     <span class='ocr_line' id='line_1_18' title="bbox 57 1317 1023 1365; baseline -0.001 -10"><span class='ocrx_word' id='word_1_171' title='bbox 57 1321 106 1356; x_wconf 90' lang='lat' dir='ltr'>hodie</span> <span class='ocrx_word' id='word_1_172' title='bbox 119 1321 193 1354; x_wconf 86' lang='lat' dir='ltr'>membro</span> <span class='ocrx_word' id='word_1_173' title='bbox 205 1319 267 1354; x_wconf 86' lang='lat' dir='ltr'>causali</span> <span class='ocrx_word' id='word_1_174' title='bbox 278 1330 308 1364; x_wconf 90' lang='lat' dir='ltr'>per</span> <span class='ocrx_word' id='word_1_175' title='bbox 319 1319 415 1363; x_wconf 80' lang='lat' dir='ltr'>particulam</span> <span class='ocrx_word' id='word_1_176' title='bbox 428 1317 457 1351; x_wconf 76' lang='grc' dir='ltr'>ὅτι</span> <span class='ocrx_word' id='word_1_177' title='bbox 470 1319 533 1364; x_wconf 86' lang='lat' dir='ltr'>adjecto</span> <span class='ocrx_word' id='word_1_178' title='bbox 545 1320 639 1360; x_wconf 83' lang='lat' dir='ltr'>fulciantur,</span> <span class='ocrx_word' id='word_1_179' title='bbox 653 1321 700 1354; x_wconf 89' lang='lat' dir='ltr'>etiam</span> <span class='ocrx_word' id='word_1_180' title='bbox 712 1321 748 1362; x_wconf 83' lang='lat' dir='ltr'>sine</span> <span class='ocrx_word' id='word_1_181' title='bbox 756 1319 788 1354; x_wconf 91' lang='lat' dir='ltr'>hoc</span> <span class='ocrx_word' id='word_1_182' title='bbox 799 1321 850 1355; x_wconf 90' lang='lat' dir='ltr'>lulcro</span> <span class='ocrx_word' id='word_1_183' title='bbox 859 1321 919 1365; x_wconf 84' lang='lat' dir='ltr'>optime</span> <span class='ocrx_word' id='word_1_184' title='bbox 931 1326 974 1354; x_wconf 89' lang='lat' dir='ltr'>stare</span> <span class='ocrx_word' id='word_1_185' title='bbox 983 1331 1023 1365; x_wconf 89' lang='lat' dir='ltr'>pos-</span> 
     </span>
     <span class='ocr_line' id='line_1_19' title="bbox 58 1369 1023 1429; baseline -0.002 -10"><span class='ocrx_word' id='word_1_186' title='bbox 58 1389 101 1424; x_wconf 83' lang='lat' dir='ltr'>sunt,</span> <span class='ocrx_word' id='word_1_187' title='bbox 116 1383 133 1417; x_wconf 91' lang='lat' dir='ltr'>id</span> <span class='ocrx_word' id='word_1_188' title='bbox 149 1369 243 1429; x_wconf 87' lang='lat' dir='ltr'>quodcum</span> <span class='ocrx_word' id='word_1_189' title='bbox 260 1393 280 1416; x_wconf 83' lang='lat' dir='ltr'>er</span> <span class='ocrx_word' id='word_1_190' title='bbox 293 1382 359 1428; x_wconf 87' lang='lat' dir='ltr'>reliquis</span> <span class='ocrx_word' id='word_1_191' title='bbox 376 1383 486 1427; x_wconf 79' lang='lat' dir='ltr'>evangelistae</span> <span class='ocrx_word' id='word_1_192' title='bbox 501 1383 556 1417; x_wconf 86' lang='lat' dir='ltr'>verhis</span> <span class='ocrx_word' id='word_1_193' title='bbox 571 1383 665 1428; x_wconf 84' lang='lat' dir='ltr'>simpliciter</span> <span class='ocrx_word' id='word_1_194' title='bbox 679 1383 755 1427; x_wconf 87' lang='lat' dir='ltr'>perlectis</span> <span class='ocrx_word' id='word_1_195' title='bbox 773 1389 807 1417; x_wconf 88' lang='lat' dir='ltr'>tum</span> <span class='ocrx_word' id='word_1_196' title='bbox 822 1395 842 1418; x_wconf 82' lang='lat' dir='ltr'>ex</span> <span class='ocrx_word' id='word_1_197' title='bbox 857 1385 909 1418; x_wconf 82' lang='lat' dir='ltr'>Nonni</span> <span class='ocrx_word' id='word_1_198' title='bbox 926 1383 1023 1429; x_wconf 84' lang='lat' dir='ltr'>paraphrasi</span> 
     </span>
     <span class='ocr_line' id='line_1_20' title="bbox 57 1445 1021 1493; baseline -0.002 -11"><span class='ocrx_word' id='word_1_199' title='bbox 57 1448 116 1493; x_wconf 90' lang='lat' dir='ltr'>cuique</span> <span class='ocrx_word' id='word_1_200' title='bbox 131 1448 165 1480; x_wconf 90' lang='lat' dir='ltr'>sine</span> <span class='ocrx_word' id='word_1_201' title='bbox 180 1447 290 1490; x_wconf 79' lang='lat' dir='ltr'>praejudicata</span> <span class='ocrx_word' id='word_1_202' title='bbox 305 1446 381 1490; x_wconf 86' lang='lat' dir='ltr'>opinione</span> <span class='ocrx_word' id='word_1_203' title='bbox 394 1445 473 1490; x_wconf 84' lang='lat' dir='ltr'>judicanti</span> <span class='ocrx_word' id='word_1_204' title='bbox 488 1449 520 1481; x_wconf 82' lang='lat' dir='ltr'>lam</span> <span class='ocrx_word' id='word_1_205' title='bbox 539 1447 583 1481; x_wconf 86' lang='lat' dir='ltr'>clare</span> <span class='ocrx_word' id='word_1_206' title='bbox 601 1452 651 1490; x_wconf 80' lang='lat' dir='ltr'>patet,</span> <span class='ocrx_word' id='word_1_207' title='bbox 671 1452 688 1480; x_wconf 92' lang='lat' dir='ltr'>ut</span> <span class='ocrx_word' id='word_1_208' title='bbox 703 1447 734 1481; x_wconf 88' lang='lat' dir='ltr'>hos</span> <span class='ocrx_word' id='word_1_209' title='bbox 749 1448 796 1481; x_wconf 92' lang='lat' dir='ltr'>locos</span> <span class='ocrx_word' id='word_1_210' title='bbox 812 1447 906 1492; x_wconf 84' lang='lat' dir='ltr'>simpliciter</span> <span class='ocrx_word' id='word_1_211' title='bbox 925 1457 1021 1481; x_wconf 86' lang='lat' dir='ltr'>enumerare</span> 
     </span>
     <span class='ocr_line' id='line_1_21' title="bbox 56 1498 1021 1555; baseline -0.002 -10"><span class='ocrx_word' id='word_1_212' title='bbox 56 1512 90 1545; x_wconf 85' lang='lat' dir='ltr'>fere</span> <span class='ocrx_word' id='word_1_213' title='bbox 99 1510 173 1545; x_wconf 84' lang='lat' dir='ltr'>sufficiat.</span> <span class='ocrx_word' id='word_1_214' title='bbox 189 1509 232 1549; x_wconf 84' lang='lat' dir='ltr'>Quid</span> <span class='ocrx_word' id='word_1_215' title='bbox 241 1509 286 1555; x_wconf 87' lang='lat' dir='ltr'>quod</span> <span class='ocrx_word' id='word_1_216' title='bbox 297 1498 336 1543; x_wconf 88' lang='lat' dir='ltr'>milri</span> <span class='ocrx_word' id='word_1_217' title='bbox 347 1510 413 1554; x_wconf 88' lang='lat' dir='ltr'>quidem</span> <span class='ocrx_word' id='word_1_218' title='bbox 425 1509 470 1544; x_wconf 85' lang='lat' dir='ltr'>bona</span> <span class='ocrx_word' id='word_1_219' title='bbox 481 1510 523 1544; x_wconf 88' lang='lat' dir='ltr'>adeo</span> <span class='ocrx_word' id='word_1_220' title='bbox 535 1509 593 1543; x_wconf 92' lang='lat' dir='ltr'>horum</span> <span class='ocrx_word' id='word_1_221' title='bbox 605 1510 679 1544; x_wconf 91' lang='lat' dir='ltr'>locorum</span> <span class='ocrx_word' id='word_1_222' title='bbox 691 1520 729 1554; x_wconf 87' lang='lat' dir='ltr'>pars</span> <span class='ocrx_word' id='word_1_223' title='bbox 742 1510 791 1544; x_wconf 88' lang='lat' dir='ltr'>multo</span> <span class='ocrx_word' id='word_1_224' title='bbox 804 1511 856 1555; x_wconf 89' lang='lat' dir='ltr'>aptius</span> <span class='ocrx_word' id='word_1_225' title='bbox 869 1510 937 1555; x_wconf 80' lang='lat' dir='ltr'>proferri</span> <span class='ocrx_word' id='word_1_226' title='bbox 948 1511 1021 1549; x_wconf 76' lang='lat' dir='ltr'>videtur,</span> 
     </span>
     <span class='ocr_line' id='line_1_22' title="bbox 58 1572 1022 1619; baseline -0.001 -11"><span class='ocrx_word' id='word_1_227' title='bbox 58 1576 70 1609; x_wconf 92' lang='lat' dir='ltr'>si</span> <span class='ocrx_word' id='word_1_228' title='bbox 83 1585 120 1607; x_wconf 89' lang='lat' dir='ltr'>oum</span> <span class='ocrx_word' id='word_1_229' title='bbox 132 1575 189 1607; x_wconf 86' lang='lat' dir='ltr'>Nonne</span> <span class='ocrx_word' id='word_1_230' title='bbox 204 1579 260 1607; x_wconf 90' lang='lat' dir='ltr'>nostro</span> <span class='ocrx_word' id='word_1_231' title='bbox 274 1572 294 1606; x_wconf 88' lang='lat' dir='ltr'>ah</span> <span class='ocrx_word' id='word_1_232' title='bbox 309 1573 391 1607; x_wconf 88' lang='lat' dir='ltr'>inutilibus</span> <span class='ocrx_word' id='word_1_233' title='bbox 407 1573 484 1619; x_wconf 84' lang='lat' dir='ltr'>adeoque</span> <span class='ocrx_word' id='word_1_234' title='bbox 496 1574 553 1618; x_wconf 88' lang='lat' dir='ltr'>ineptis</span> <span class='ocrx_word' id='word_1_235' title='bbox 569 1573 673 1618; x_wconf 80' lang='lat' dir='ltr'>glossematis</span> <span class='ocrx_word' id='word_1_236' title='bbox 685 1573 785 1607; x_wconf 77' lang='lat' dir='ltr'>liberentur?</span> <span class='ocrx_word' id='word_1_237' title='bbox 808 1574 841 1608; x_wconf 86' lang='lat' dir='ltr'>Sed</span> <span class='ocrx_word' id='word_1_238' title='bbox 857 1574 878 1608; x_wconf 91' lang='lat' dir='ltr'>de</span> <span class='ocrx_word' id='word_1_239' title='bbox 891 1584 911 1608; x_wconf 87' lang='lat' dir='ltr'>ea</span> <span class='ocrx_word' id='word_1_240' title='bbox 922 1583 940 1607; x_wconf 90' lang='lat' dir='ltr'>re</span> <span class='ocrx_word' id='word_1_241' title='bbox 951 1573 1022 1607; x_wconf 83' lang='lat' dir='ltr'>breviter</span> 
     </span>
    </p>

    <p class='ocr_par' dir='ltr' id='par_1_13' title="bbox 21 1636 1021 1746">
     <span class='ocr_line' id='line_1_23' title="bbox 21 1636 1021 1682; baseline -0.002 -10"><span class='ocrx_word' id='word_1_242' title='bbox 21 1658 23 1662; x_wconf 60' lang='lat'>&gt;</span> <span class='ocrx_word' id='word_1_243' title='bbox 57 1644 118 1673; x_wconf 87' lang='lat' dir='ltr'>tantum</span> <span class='ocrx_word' id='word_1_244' title='bbox 131 1637 220 1670; x_wconf 90' lang='lat' dir='ltr'>admonere</span> <span class='ocrx_word' id='word_1_245' title='bbox 232 1647 264 1670; x_wconf 89' lang='lat' dir='ltr'>non</span> <span class='ocrx_word' id='word_1_246' title='bbox 276 1636 349 1680; x_wconf 84' lang='lat' dir='ltr'>pluribus</span> <span class='ocrx_word' id='word_1_247' title='bbox 363 1637 437 1670; x_wconf 89' lang='lat' dir='ltr'>edissere</span> <span class='ocrx_word' id='word_1_248' title='bbox 450 1638 495 1677; x_wconf 81' lang='lat' dir='ltr'>volo,</span> <span class='ocrx_word' id='word_1_249' title='bbox 510 1648 530 1671; x_wconf 90' lang='lat' dir='ltr'>ne</span> <span class='ocrx_word' id='word_1_250' title='bbox 542 1638 559 1671; x_wconf 88' lang='lat' dir='ltr'>in</span> <span class='ocrx_word' id='word_1_251' title='bbox 570 1636 685 1681; x_wconf 78' lang='lat' dir='ltr'>theologorum</span> <span class='ocrx_word' id='word_1_252' title='bbox 697 1636 796 1681; x_wconf 82' lang='lat' dir='ltr'>prouinciam</span> <span class='ocrx_word' id='word_1_253' title='bbox 808 1637 889 1671; x_wconf 84' lang='lat' dir='ltr'>invasisse</span> <span class='ocrx_word' id='word_1_254' title='bbox 902 1647 965 1682; x_wconf 84' lang='lat' dir='ltr'>arguar.</span> <span class='ocrx_word' id='word_1_255' title='bbox 988 1637 1021 1670; x_wconf 82' lang='lat' dir='ltr'>Ab·</span> 
     </span>
     <span class='ocr_line' id='line_1_24' title="bbox 56 1699 788 1746; baseline -0.003 -10"><span class='ocrx_word' id='word_1_256' title='bbox 56 1702 119 1736; x_wconf 88' lang='lat' dir='ltr'>luerunt</span> <span class='ocrx_word' id='word_1_257' title='bbox 131 1700 179 1745; x_wconf 75' lang='lat' dir='ltr'>igitur</span> <span class='ocrx_word' id='word_1_258' title='bbox 190 1710 199 1733; x_wconf 88' lang='lat' dir='ltr'>a</span> <span class='ocrx_word' id='word_1_259' title='bbox 211 1700 284 1733; x_wconf 87' lang='lat' dir='ltr'>loanneo</span> <span class='ocrx_word' id='word_1_260' title='bbox 297 1700 390 1745; x_wconf 77' lang='lat' dir='ltr'>evangelio,</span> <span class='ocrx_word' id='word_1_261' title='bbox 403 1700 448 1746; x_wconf 85' lang='lat' dir='ltr'>qnod</span> <span class='ocrx_word' id='word_1_262' title='bbox 460 1704 508 1745; x_wconf 84' lang='lat' dir='ltr'>po&#39;e&#39;ta</span> <span class='ocrx_word' id='word_1_263' title='bbox 520 1701 603 1738; x_wconf 83' lang='lat' dir='ltr'>uersabat,</span> <span class='ocrx_word' id='word_1_264' title='bbox 615 1699 657 1734; x_wconf 86' lang='lat' dir='ltr'>haec</span> <span class='ocrx_word' id='word_1_265' title='bbox 669 1700 788 1734; x_wconf 85' lang='lat' dir='ltr'>additamenta:</span> 
     </span>
    </p>

    <p class='ocr_par' dir='ltr' id='par_1_14' title="bbox 102 1758 648 1808">
     <span class='ocr_line' id='line_1_25' title="bbox 102 1758 648 1808; baseline 0.002 -12"><span class='ocrx_word' id='word_1_266' title='bbox 102 1764 118 1803; x_wconf 84' lang='lat' dir='ltr'>l,</span> <span class='ocrx_word' id='word_1_267' title='bbox 132 1774 149 1799; x_wconf 79' lang='lat'>30</span> <span class='ocrx_word' id='word_1_268' title='bbox 161 1762 192 1796; x_wconf 76' lang='grc' dir='ltr'><strong><em>ιλιι</em></strong></span> <span class='ocrx_word' id='word_1_269' title='bbox 203 1759 267 1806; x_wconf 72' lang='grc' dir='ltr'><strong><em>πρῶτός</em></strong></span> <span class='ocrx_word' id='word_1_270' title='bbox 278 1774 309 1804; x_wconf 90' lang='grc' dir='ltr'>μον</span> <span class='ocrx_word' id='word_1_271' title='bbox 320 1758 349 1806; x_wconf 72' lang='grc' dir='ltr'>ἦν,</span> <span class='ocrx_word' id='word_1_272' title='bbox 365 1764 409 1808; x_wconf 87' lang='lat' dir='ltr'>quod</span> <span class='ocrx_word' id='word_1_273' title='bbox 421 1774 442 1797; x_wconf 81' lang='lat' dir='ltr'>en</span> <span class='ocrx_word' id='word_1_274' title='bbox 454 1775 470 1799; x_wconf 86' lang='lat'>15</span> <span class='ocrx_word' id='word_1_275' title='bbox 482 1764 568 1807; x_wconf 86' lang='lat' dir='ltr'>irrepsisse</span> <span class='ocrx_word' id='word_1_276' title='bbox 581 1763 648 1797; x_wconf 84' lang='lat' dir='ltr'>ridetur.</span> 
     </span>
    </p>

    <p class='ocr_par' dir='ltr' id='par_1_15' title="bbox 57 1824 1020 1936">
     <span class='ocr_line' id='line_1_26' title="bbox 101 1824 1020 1873; baseline 0.004 -15"><span class='ocrx_word' id='word_1_277' title='bbox 101 1827 119 1867; x_wconf 78' lang='grc'>1,</span> <span class='ocrx_word' id='word_1_278' title='bbox 132 1839 149 1863; x_wconf 72' lang='grc' dir='ltr'>αν</span> <span class='ocrx_word' id='word_1_279' title='bbox 161 1825 191 1859; x_wconf 76' lang='grc' dir='ltr'>ὅτι</span> <span class='ocrx_word' id='word_1_280' title='bbox 202 1824 212 1869; x_wconf 79' lang='grc' dir='ltr'><em>ἡ</em></span> <span class='ocrx_word' id='word_1_281' title='bbox 222 1826 292 1869; x_wconf 81' lang='grc' dir='ltr'><strong><em>σανηρλα</em></strong></span> <span class='ocrx_word' id='word_1_282' title='bbox 300 1826 318 1859; x_wconf 82' lang='grc' dir='ltr'>ἐν</span> <span class='ocrx_word' id='word_1_283' title='bbox 329 1829 361 1859; x_wconf 77' lang='grc' dir='ltr'>τῶν</span> <span class='ocrx_word' id='word_1_284' title='bbox 372 1825 455 1860; x_wconf 76' lang='grc' dir='ltr'><strong><em>Ἰουδαίων</em></strong></span> <span class='ocrx_word' id='word_1_285' title='bbox 467 1826 518 1865; x_wconf 74' lang='grc' dir='ltr'>ἐστίν,</span> <span class='ocrx_word' id='word_1_286' title='bbox 532 1838 574 1872; x_wconf 87' lang='lat' dir='ltr'>quae</span> <span class='ocrx_word' id='word_1_287' title='bbox 587 1827 660 1872; x_wconf 80' lang='lat' dir='ltr'>gloriatio</span> <span class='ocrx_word' id='word_1_288' title='bbox 669 1827 769 1861; x_wconf 85' lang='lat' dir='ltr'>ludaeorum</span> <span class='ocrx_word' id='word_1_289' title='bbox 781 1828 918 1873; x_wconf 86' lang='lat' dir='ltr'>vaniloquentiam</span> <span class='ocrx_word' id='word_1_290' title='bbox 926 1828 976 1872; x_wconf 86' lang='lat' dir='ltr'>sapit,</span> <span class='ocrx_word' id='word_1_291' title='bbox 989 1827 1020 1862; x_wconf 92' lang='lat' dir='ltr'>sed</span> 
     </span>
     <span class='ocr_line' id='line_1_27' title="bbox 57 1890 942 1936; baseline -0.001 -10"><span class='ocrx_word' id='word_1_292' title='bbox 57 1902 127 1926; x_wconf 77' lang='lat' dir='ltr'>averae</span> <span class='ocrx_word' id='word_1_293' title='bbox 139 1890 222 1934; x_wconf 78' lang='lat' dir='ltr'>religionis</span> <span class='ocrx_word' id='word_1_294' title='bbox 234 1890 364 1935; x_wconf 68' lang='lat' dir='ltr'>praedieatione,</span> <span class='ocrx_word' id='word_1_295' title='bbox 377 1902 426 1936; x_wconf 88' lang='lat' dir='ltr'>quam</span> <span class='ocrx_word' id='word_1_296' title='bbox 439 1890 510 1925; x_wconf 87' lang='lat' dir='ltr'>Christus</span> <span class='ocrx_word' id='word_1_297' title='bbox 522 1891 585 1924; x_wconf 91' lang='lat' dir='ltr'>mulieri</span> <span class='ocrx_word' id='word_1_298' title='bbox 598 1891 710 1929; x_wconf 84' lang='lat' dir='ltr'>Samaritanae</span> <span class='ocrx_word' id='word_1_299' title='bbox 721 1891 789 1931; x_wconf 74' lang='lat' dir='ltr'>revelat,</span> <span class='ocrx_word' id='word_1_300' title='bbox 802 1892 901 1926; x_wconf 86' lang='lat' dir='ltr'>alienissima</span> <span class='ocrx_word' id='word_1_301' title='bbox 912 1898 942 1926; x_wconf 88' lang='lat' dir='ltr'>est.</span> 
     </span>
    </p>

    <p class='ocr_par' dir='ltr' id='par_1_16' title="bbox 56 1943 1020 2124">
     <span class='ocr_line' id='line_1_28' title="bbox 101 1943 1019 1999; baseline 0.002 -12"><span class='ocrx_word' id='word_1_302' title='bbox 101 1955 118 1994; x_wconf 84' lang='lat'>7,</span> <span class='ocrx_word' id='word_1_303' title='bbox 131 1965 147 1990; x_wconf 76' lang='lat'>35</span> <span class='ocrx_word' id='word_1_304' title='bbox 160 1952 191 1986; x_wconf 81' lang='lat' dir='ltr'>dcl</span> <span class='ocrx_word' id='word_1_305' title='bbox 203 1951 248 1996; x_wconf 78' lang='grc' dir='ltr'><strong><em>ἡμεῖς</em></strong></span> <span class='ocrx_word' id='word_1_306' title='bbox 259 1951 289 1996; x_wconf 79' lang='grc' dir='ltr'>ονήη</span> <span class='ocrx_word' id='word_1_307' title='bbox 302 1943 392 1997; x_wconf 75' lang='grc' dir='ltr'><strong><em>εὑρήσομεν</em></strong></span> <span class='ocrx_word' id='word_1_308' title='bbox 405 1951 465 1992; x_wconf 74' lang='grc' dir='ltr'><strong><em>αὐτόν,</em></strong></span> <span class='ocrx_word' id='word_1_309' title='bbox 478 1954 521 1999; x_wconf 86' lang='lat' dir='ltr'>quod</span> <span class='ocrx_word' id='word_1_310' title='bbox 534 1964 676 1998; x_wconf 78' lang='lat' dir='ltr'>superuacaneum</span> <span class='ocrx_word' id='word_1_311' title='bbox 688 1965 726 1988; x_wconf 90' lang='lat' dir='ltr'>esse</span> <span class='ocrx_word' id='word_1_312' title='bbox 739 1959 819 1999; x_wconf 87' lang='lat' dir='ltr'>sequente</span> <span class='ocrx_word' id='word_1_313' title='bbox 831 1955 884 1989; x_wconf 87' lang='lat' dir='ltr'>statim</span> <span class='ocrx_word' id='word_1_314' title='bbox 898 1966 915 1992; x_wconf 73' lang='lat' dir='ltr'>ae</span> <span class='ocrx_word' id='word_1_315' title='bbox 930 1955 1019 1989; x_wconf 86' lang='lat' dir='ltr'>verborum</span> 
     </span>
     <span class='ocr_line' id='line_1_29' title="bbox 56 2014 1020 2065; baseline 0.002 -13"><span class='ocrx_word' id='word_1_316' title='bbox 56 2016 139 2052; x_wconf 85' lang='lat' dir='ltr'>aChristo</span> <span class='ocrx_word' id='word_1_317' title='bbox 155 2017 295 2062; x_wconf 84' lang='lat' dir='ltr'>pronuntiaturum</span> <span class='ocrx_word' id='word_1_318' title='bbox 307 2015 385 2060; x_wconf 78' lang='grc' dir='ltr'><strong><em>Ζηιησειέ</em></strong></span> <span class='ocrx_word' id='word_1_319' title='bbox 396 2030 416 2061; x_wconf 90' lang='grc' dir='ltr'>με</span> <span class='ocrx_word' id='word_1_320' title='bbox 430 2017 457 2050; x_wconf 82' lang='grc' dir='ltr'>ναὶ</span> <span class='ocrx_word' id='word_1_321' title='bbox 471 2015 500 2060; x_wconf 77' lang='grc' dir='ltr'>οὐχ</span> <span class='ocrx_word' id='word_1_322' title='bbox 518 2014 592 2060; x_wconf 76' lang='grc' dir='ltr'><strong><em>εὗρησενὲ</em></strong></span> <span class='ocrx_word' id='word_1_323' title='bbox 609 2029 628 2059; x_wconf 92' lang='grc' dir='ltr'>με</span> <span class='ocrx_word' id='word_1_324' title='bbox 642 2018 764 2062; x_wconf 84' lang='lat' dir='ltr'>indignabunda</span> <span class='ocrx_word' id='word_1_325' title='bbox 779 2019 876 2063; x_wconf 86' lang='lat' dir='ltr'>repetitione</span> <span class='ocrx_word' id='word_1_326' title='bbox 889 2030 921 2052; x_wconf 89' lang='lat' dir='ltr'>non</span> <span class='ocrx_word' id='word_1_327' title='bbox 936 2024 961 2052; x_wconf 92' lang='lat' dir='ltr'>est</span> <span class='ocrx_word' id='word_1_328' title='bbox 976 2019 1020 2065; x_wconf 84' lang='lat' dir='ltr'>quod</span> 
     </span>
     <span class='ocr_line' id='line_1_30' title="bbox 56 2080 271 2124; baseline -0.009 -9"><span class='ocrx_word' id='word_1_329' title='bbox 56 2081 109 2115; x_wconf 88' lang='lat' dir='ltr'>multis</span> <span class='ocrx_word' id='word_1_330' title='bbox 121 2080 176 2114; x_wconf 77' lang='lat' dir='ltr'>uerbis</span> <span class='ocrx_word' id='word_1_331' title='bbox 188 2080 271 2124; x_wconf 89' lang='lat' dir='ltr'>probetur.</span> 
     </span>
    </p>

    <p class='ocr_par' dir='ltr' id='par_1_17' title="bbox 99 2141 728 2186">
     <span class='ocr_line' id='line_1_31' title="bbox 99 2141 728 2186; baseline 0.002 -9"><span class='ocrx_word' id='word_1_332' title='bbox 99 2145 149 2177; x_wconf 88' lang='lat' dir='ltr'>Porro</span> <span class='ocrx_word' id='word_1_333' title='bbox 162 2143 181 2183; x_wconf 83' lang='lat'>8,</span> <span class='ocrx_word' id='word_1_334' title='bbox 190 2154 211 2178; x_wconf 59' lang='lat' dir='ltr'>*aa</span> <span class='ocrx_word' id='word_1_335' title='bbox 223 2142 254 2176; x_wconf 74' lang='grc' dir='ltr'>ὅτι</span> <span class='ocrx_word' id='word_1_336' title='bbox 266 2141 371 2185; x_wconf 50' lang='grc' dir='ltr'><strong><em>λέγειΪΌνῐον</em></strong></span> <span class='ocrx_word' id='word_1_337' title='bbox 383 2142 414 2186; x_wconf 73' lang='grc' dir='ltr'>ἐγώ</span> <span class='ocrx_word' id='word_1_338' title='bbox 426 2141 484 2186; x_wconf 78' lang='grc' dir='ltr'><strong><em>ὑπάγω</em></strong></span> <span class='ocrx_word' id='word_1_339' title='bbox 494 2142 540 2186; x_wconf 80' lang='grc' dir='ltr'><strong><em>ὑμεῖς</em></strong></span> <span class='ocrx_word' id='word_1_340' title='bbox 552 2143 572 2177; x_wconf 86' lang='lat' dir='ltr'>ou⁷</span> <span class='ocrx_word' id='word_1_341' title='bbox 584 2142 657 2178; x_wconf 78' lang='grc' dir='ltr'><strong><em>δύνασθε</em></strong></span> <span class='ocrx_word' id='word_1_342' title='bbox 669 2144 728 2179; x_wconf 77' lang='grc' dir='ltr'><strong><em>ἐλθεῖν.</em></strong></span> 
     </span>
    </p>

    <p class='ocr_par' dir='ltr' id='par_1_18' title="bbox 99 2204 472 2250">
     <span class='ocr_line' id='line_1_32' title="bbox 99 2204 472 2250; baseline 0.003 -10"><span class='ocrx_word' id='word_1_343' title='bbox 99 2206 117 2247; x_wconf 77' lang='grc'>9,</span> <span class='ocrx_word' id='word_1_344' title='bbox 130 2218 147 2243; x_wconf 79' lang='lat'>17</span> <span class='ocrx_word' id='word_1_345' title='bbox 159 2205 191 2239; x_wconf 75' lang='grc' dir='ltr'>ὅτι</span> <span class='ocrx_word' id='word_1_346' title='bbox 202 2204 266 2248; x_wconf 73' lang='grc' dir='ltr'><strong><em>ἤνοιξέν</em></strong></span> <span class='ocrx_word' id='word_1_347' title='bbox 277 2214 307 2239; x_wconf 90' lang='grc' dir='ltr'>σον</span> <span class='ocrx_word' id='word_1_348' title='bbox 317 2205 356 2245; x_wconf 72' lang='lat' dir='ltr'>cerie</span> <span class='ocrx_word' id='word_1_349' title='bbox 368 2206 472 2250; x_wconf 74' lang='grc' dir='ltr'><strong><em>ὀφθαλμούς.</em></strong></span> 
     </span>
    </p>

    <p class='ocr_par' dir='ltr' id='par_1_19' title="bbox 100 2267 445 2313">
     <span class='ocr_line' id='line_1_33' title="bbox 100 2267 445 2313; baseline 0.003 -10"><span class='ocrx_word' id='word_1_350' title='bbox 100 2270 127 2311; x_wconf 85' lang='grc'>11],</span> <span class='ocrx_word' id='word_1_351' title='bbox 139 2281 149 2312; x_wconf 79' lang='grc' dir='ltr'><strong><em>η</em></strong></span> <span class='ocrx_word' id='word_1_352' title='bbox 161 2268 191 2303; x_wconf 75' lang='grc' dir='ltr'>ὅτι</span> <span class='ocrx_word' id='word_1_353' title='bbox 203 2270 267 2303; x_wconf 71' lang='grc' dir='ltr'><strong><em>οἴδασιν</em></strong></span> <span class='ocrx_word' id='word_1_354' title='bbox 277 2267 307 2312; x_wconf 81' lang='grc' dir='ltr'>νην</span> <span class='ocrx_word' id='word_1_355' title='bbox 318 2268 377 2313; x_wconf 78' lang='grc' dir='ltr'><strong><em>φανὴν</em></strong></span> <span class='ocrx_word' id='word_1_356' title='bbox 388 2268 445 2304; x_wconf 60' lang='lat' dir='ltr'>aarum.</span> 
     </span>
    </p>

    <p class='ocr_par' dir='ltr' id='par_1_20' title="bbox 100 2331 884 2380">
     <span class='ocr_line' id='line_1_34' title="bbox 100 2331 884 2380; baseline 0.003 -14"><span class='ocrx_word' id='word_1_357' title='bbox 100 2334 129 2375; x_wconf 69' lang='lat' dir='ltr'>tl,</span> <span class='ocrx_word' id='word_1_358' title='bbox 142 2344 149 2369; x_wconf 79' lang='lat'><em>9</em></span> <span class='ocrx_word' id='word_1_359' title='bbox 163 2331 223 2366; x_wconf 78' lang='grc' dir='ltr'><strong><em>ὅτιτὸ</em></strong></span> <span class='ocrx_word' id='word_1_360' title='bbox 235 2334 271 2376; x_wconf 72' lang='grc' dir='ltr'>φῶς</span> <span class='ocrx_word' id='word_1_361' title='bbox 281 2335 311 2366; x_wconf 79' lang='grc' dir='ltr'>νοῦ</span> <span class='ocrx_word' id='word_1_362' title='bbox 322 2331 385 2375; x_wconf 77' lang='grc' dir='ltr'><strong><em>κόσμον</em></strong></span> <span class='ocrx_word' id='word_1_363' title='bbox 396 2332 457 2368; x_wconf 77' lang='grc' dir='ltr'><strong><em>τούτου</em></strong></span> <span class='ocrx_word' id='word_1_364' title='bbox 468 2334 522 2377; x_wconf 80' lang='grc' dir='ltr'><strong><em>βλὲιιει</em></strong></span> <span class='ocrx_word' id='word_1_365' title='bbox 534 2341 550 2369; x_wconf 88' lang='lat' dir='ltr'>et</span> <span class='ocrx_word' id='word_1_366' title='bbox 561 2346 578 2371; x_wconf 76' lang='grc' dir='ltr'>ιο</span> <span class='ocrx_word' id='word_1_367' title='bbox 590 2333 618 2366; x_wconf 76' lang='grc' dir='ltr'>ὅτι</span> <span class='ocrx_word' id='word_1_368' title='bbox 630 2332 648 2367; x_wconf 78' lang='grc' dir='ltr'>ιὰ</span> <span class='ocrx_word' id='word_1_369' title='bbox 661 2335 697 2377; x_wconf 72' lang='grc' dir='ltr'>φῶς</span> <span class='ocrx_word' id='word_1_370' title='bbox 708 2335 739 2368; x_wconf 89' lang='grc' dir='ltr'>ονίι</span> <span class='ocrx_word' id='word_1_371' title='bbox 751 2333 795 2368; x_wconf 74' lang='grc' dir='ltr'><strong><em>ἔστιν</em></strong></span> <span class='ocrx_word' id='word_1_372' title='bbox 807 2334 824 2368; x_wconf 80' lang='grc' dir='ltr'>ἒν</span> <span class='ocrx_word' id='word_1_373' title='bbox 835 2332 884 2380; x_wconf 79' lang='grc' dir='ltr'><strong><em>αὐτῷ,</em></strong></span> 
     </span>
    </p>

    <p class='ocr_par' dir='ltr' id='par_1_21' title="bbox 45 2394 1019 2569">
     <span class='ocr_line' id='line_1_35' title="bbox 45 2394 1019 2444; baseline -0.001 -13"><span class='ocrx_word' id='word_1_374' title='bbox 45 2436 52 2440; x_wconf 64' lang='lat'><em>,</em></span> <span class='ocrx_word' id='word_1_375' title='bbox 64 2431 66 2434; x_wconf 87' lang='grc'>,</span> <span class='ocrx_word' id='word_1_376' title='bbox 101 2397 131 2436; x_wconf 80' lang='grc'>12,</span> <span class='ocrx_word' id='word_1_377' title='bbox 145 2409 162 2434; x_wconf 76' lang='grc' dir='ltr'>ιιι</span> <span class='ocrx_word' id='word_1_378' title='bbox 174 2394 204 2429; x_wconf 75' lang='grc' dir='ltr'>ὅτι</span> <span class='ocrx_word' id='word_1_379' title='bbox 215 2395 288 2439; x_wconf 77' lang='grc' dir='ltr'><strong><em>ἤνονσον</em></strong></span> <span class='ocrx_word' id='word_1_380' title='bbox 299 2399 348 2429; x_wconf 74' lang='lat' dir='ltr'>rouro</span> <span class='ocrx_word' id='word_1_381' title='bbox 360 2395 412 2430; x_wconf 73' lang='grc' dir='ltr'><strong><em>αὐτὸν</em></strong></span> <span class='ocrx_word' id='word_1_382' title='bbox 422 2398 527 2441; x_wconf 70' lang='grc' dir='ltr'><strong><em>πεποιηκέναι</em></strong></span> <span class='ocrx_word' id='word_1_383' title='bbox 538 2396 556 2432; x_wconf 79' lang='grc' dir='ltr'>τὸ</span> <span class='ocrx_word' id='word_1_384' title='bbox 569 2401 643 2441; x_wconf 86' lang='grc' dir='ltr'><strong><em>σημεῖον,</em></strong></span> <span class='ocrx_word' id='word_1_385' title='bbox 661 2398 706 2444; x_wconf 89' lang='lat' dir='ltr'>quod</span> <span class='ocrx_word' id='word_1_386' title='bbox 720 2409 788 2443; x_wconf 86' lang='lat' dir='ltr'>prorsus</span> <span class='ocrx_word' id='word_1_387' title='bbox 802 2398 857 2432; x_wconf 88' lang='lat' dir='ltr'>inutile</span> <span class='ocrx_word' id='word_1_388' title='bbox 870 2408 909 2432; x_wconf 85' lang='lat' dir='ltr'>esse</span> <span class='ocrx_word' id='word_1_389' title='bbox 920 2404 959 2443; x_wconf 86' lang='lat' dir='ltr'>post</span> <span class='ocrx_word' id='word_1_390' title='bbox 970 2397 1019 2441; x_wconf 73' lang='grc' dir='ltr'><strong><em>ἐμαρ-</em></strong></span> 
     </span>
     <span class='ocr_line' id='line_1_36' title="bbox 55 2456 1018 2505; baseline -0.002 -10"><span class='ocrx_word' id='word_1_391' title='bbox 55 2460 99 2505; x_wconf 80' lang='grc' dir='ltr'><strong><em>τύρει</em></strong></span> <span class='ocrx_word' id='word_1_392' title='bbox 111 2456 141 2494; x_wconf 75' lang='grc' dir='ltr'>οὖν</span> <span class='ocrx_word' id='word_1_393' title='bbox 153 2459 162 2494; x_wconf 89' lang='grc' dir='ltr'>ὁ</span> <span class='ocrx_word' id='word_1_394' title='bbox 175 2458 221 2502; x_wconf 75' lang='grc' dir='ltr'><strong><em>ὄχλος</em></strong></span> <span class='ocrx_word' id='word_1_395' title='bbox 233 2457 241 2493; x_wconf 87' lang='grc' dir='ltr'>ὁ</span> <span class='ocrx_word' id='word_1_396' title='bbox 254 2457 277 2492; x_wconf 71' lang='lat' dir='ltr'>civ</span> <span class='ocrx_word' id='word_1_397' title='bbox 288 2458 320 2502; x_wconf 67' lang='grc' dir='ltr'>μα’</span> <span class='ocrx_word' id='word_1_398' title='bbox 329 2458 388 2501; x_wconf 74' lang='grc' dir='ltr'>αὐτοῦ,</span> <span class='ocrx_word' id='word_1_399' title='bbox 403 2460 428 2494; x_wconf 75' lang='lat' dir='ltr'>{tu</span> <span class='ocrx_word' id='word_1_400' title='bbox 439 2460 469 2494; x_wconf 82' lang='grc' dir='ltr'>νὸν</span> <span class='ocrx_word' id='word_1_401' title='bbox 480 2460 556 2503; x_wconf 76' lang='grc' dir='ltr'><strong><em>Λάζαρον</em></strong></span> <span class='ocrx_word' id='word_1_402' title='bbox 570 2459 654 2504; x_wconf 77' lang='grc' dir='ltr'><strong><em>ἐφώνησεν</em></strong></span> <span class='ocrx_word' id='word_1_403' title='bbox 666 2461 724 2495; x_wconf 76' lang='grc' dir='ltr'><strong><em>ἑανοῦ</em></strong></span> <span class='ocrx_word' id='word_1_404' title='bbox 735 2461 813 2504; x_wconf 77' lang='grc' dir='ltr'><strong><em>μνημείου</em></strong></span> <span class='ocrx_word' id='word_1_405' title='bbox 824 2460 851 2494; x_wconf 80' lang='grc' dir='ltr'>ναὶ</span> <span class='ocrx_word' id='word_1_406' title='bbox 863 2459 926 2505; x_wconf 69' lang='grc' dir='ltr'><strong><em>ἤγειρεν</em></strong></span> <span class='ocrx_word' id='word_1_407' title='bbox 938 2458 989 2494; x_wconf 74' lang='grc' dir='ltr'><strong><em>αὐτὸν</em></strong></span> <span class='ocrx_word' id='word_1_408' title='bbox 1000 2460 1018 2493; x_wconf 81' lang='grc' dir='ltr'>ἐκ</span> 
     </span>
     <span class='ocr_line' id='line_1_37' title="bbox 54 2521 777 2569; baseline -0.001 -11"><span class='ocrx_word' id='word_1_409' title='bbox 54 2526 121 2569; x_wconf 72' lang='grc' dir='ltr'><strong><em>νεαρῶν.</em></strong></span> <span class='ocrx_word' id='word_1_410' title='bbox 135 2523 169 2558; x_wconf 82' lang='lat' dir='ltr'>daci</span> <span class='ocrx_word' id='word_1_411' title='bbox 181 2525 240 2556; x_wconf 77' lang='grc' dir='ltr'><strong><em>τοῦτο</em></strong></span> <span class='ocrx_word' id='word_1_412' title='bbox 251 2522 285 2556; x_wconf 77' lang='grc' dir='ltr'>ναὶ</span> <span class='ocrx_word' id='word_1_413' title='bbox 296 2521 389 2566; x_wconf 73' lang='grc' dir='ltr'><strong><em>ὑπήντησεν</em></strong></span> <span class='ocrx_word' id='word_1_414' title='bbox 400 2522 445 2569; x_wconf 75' lang='grc' dir='ltr'><strong><em>αὐτῷ</em></strong></span> <span class='ocrx_word' id='word_1_415' title='bbox 457 2522 466 2558; x_wconf 86' lang='lat' dir='ltr'>o‘</span> <span class='ocrx_word' id='word_1_416' title='bbox 479 2524 525 2568; x_wconf 70' lang='grc' dir='ltr'><strong><em>ὄχλος</em></strong></span> <span class='ocrx_word' id='word_1_417' title='bbox 536 2536 584 2559; x_wconf 89' lang='lat' dir='ltr'>nemo</span> <span class='ocrx_word' id='word_1_418' title='bbox 596 2536 629 2559; x_wconf 89' lang='lat' dir='ltr'>uon</span> <span class='ocrx_word' id='word_1_419' title='bbox 641 2525 680 2559; x_wconf 86' lang='lat' dir='ltr'>mihi</span> <span class='ocrx_word' id='word_1_420' title='bbox 692 2526 777 2559; x_wconf 87' lang='lat' dir='ltr'>concedet.</span> 
     </span>
    </p>

    <p class='ocr_par' dir='ltr' id='par_1_22' title="bbox 100 2584 1017 2635">
     <span class='ocr_line' id='line_1_38' title="bbox 100 2584 1017 2635; baseline -0.002 -14"><span class='ocrx_word' id='word_1_421' title='bbox 100 2587 127 2629; x_wconf 80' lang='grc'>14,</span> <span class='ocrx_word' id='word_1_422' title='bbox 137 2600 153 2625; x_wconf 74' lang='lat' dir='ltr'>na</span> <span class='ocrx_word' id='word_1_423' title='bbox 162 2586 192 2622; x_wconf 76' lang='grc' dir='ltr'>ὅτι</span> <span class='ocrx_word' id='word_1_424' title='bbox 200 2584 208 2620; x_wconf 89' lang='grc' dir='ltr'>ὁ</span> <span class='ocrx_word' id='word_1_425' title='bbox 216 2584 269 2630; x_wconf 72' lang='lat' dir='ltr'>certia</span> <span class='ocrx_word' id='word_1_426' title='bbox 278 2587 320 2631; x_wconf 90' lang='grc' dir='ltr'><strong><em>[μον]</em></strong></span> <span class='ocrx_word' id='word_1_427' title='bbox 327 2587 385 2631; x_wconf 81' lang='grc' dir='ltr'><strong><em>μείζων</em></strong></span> <span class='ocrx_word' id='word_1_428' title='bbox 392 2600 424 2630; x_wconf 88' lang='grc' dir='ltr'>μον</span> <span class='ocrx_word' id='word_1_429' title='bbox 433 2587 480 2630; x_wconf 75' lang='grc' dir='ltr'>ἐστίν,</span> <span class='ocrx_word' id='word_1_430' title='bbox 489 2599 521 2635; x_wconf 85' lang='lat' dir='ltr'>qua</span> <span class='ocrx_word' id='word_1_431' title='bbox 527 2588 648 2623; x_wconf 86' lang='lat' dir='ltr'>ratiocinatione</span> <span class='ocrx_word' id='word_1_432' title='bbox 657 2589 782 2624; x_wconf 84' lang='lat' dir='ltr'>antecedentem</span> <span class='ocrx_word' id='word_1_433' title='bbox 790 2588 886 2623; x_wconf 88' lang='lat' dir='ltr'>sententiam</span> <span class='ocrx_word' id='word_1_434' title='bbox 895 2588 908 2621; x_wconf 84' lang='grc' dir='ltr'>ελ</span> <span class='ocrx_word' id='word_1_435' title='bbox 915 2585 986 2631; x_wconf 74' lang='grc' dir='ltr'><strong><em>ἠγαπᾶτέ</em></strong></span> <span class='ocrx_word' id='word_1_436' title='bbox 991 2598 1017 2629; x_wconf 87' lang='grc' dir='ltr'>με,</span> 
     </span>
    </p>
   </div>
   <div class='ocr_carea' id='block_1_3' title="bbox 0 0 1102 2995">
    <p class='ocr_par' dir='ltr' id='par_1_23' title="bbox 0 0 1102 2995">
     <span class='ocr_line' id='line_1_39' title="bbox 0 0 1102 2995; baseline 0 2"><span class='ocrx_word' id='word_1_437' title='bbox 0 0 1102 2995; x_wconf 95' lang='lat' dir='ltr'> </span> 
     </span>
    </p>
   </div>
  </div>
 </body>
</html>
