2194 2995
516 195 628 230 *23-

62 302 64 305 ’
83 311 137 347 ηεεη]
149 299 215 345 vulgato
227 299 321 333 breviorem
332 304 386 333 tamen
398 309 431 332 non
443 307 463 330 ea
475 295 551 330 laborare
563 296 649 331 «obscura
660 295 813 341 breviloquentia»,
830 305 880 341 quarn
891 294 914 329 illi
924 294 969 328 haud
980 294 1060 329 immerito

86 364 184 409 obiecerunt
195 363 296 397 recentiores
307 362 411 407 interpretes.

114 429 116 431 ’
130 427 160 461 Ηίο
170 428 204 471 J'am
217 427 230 460 si
242 426 297 470 paullo
309 425 389 460 audacior
400 425 417 458 in
428 423 542 467 investigando
554 423 607 457 Nonni
622 423 707 468 evangelio
721 427 798 457 versatus
810 432 849 456 esse
860 433 927 467 arguar.
945 424 998 467 majus
1011 422 1061 456 etiam

45 493 46 496 ’
85 491 102 524 in
113 490 169 525 ultimo
183 500 233 535 quem
244 494 341 524 tractaturus
356 499 392 522 sum
406 488 444 521 loco
459 487 537 521 molimen
551 486 646 521 audendum
659 486 697 520 mihi
712 487 781 521 videtur.
804 486 888 520 Habemus
900 485 950 521 hodie
963 486 991 527 21,
1004 497 1022 522 ετ
1033 496 1059 531 sq.

86 553 130 587 hune
141 553 158 586 in
170 553 246 587 omnihus
258 552 323 586 Joannis
335 551 380 586 libris
391 549 503 584 membrorum
515 549 598 584 ordinem:
616 547 795 592 λέγει-ἀριστήσατε.
812 547 952 588 οὐδεὶς-ἐστιν.
969 548 1059 593 ἔρχεται-

85 614 154 659 όμοίως,
180 616 272 650 Hodiernus
284 616 352 650 Nonnus
366 626 381 648 v.
394 624 448 651 εει-κε
463 614 507 662 hunc
521 613 596 647 ordinem
608 612 687 647 hahuisse
697 613 773 647 ridetur:
789 610 931 652 οὐδεὶς-ἐστιν.
946 609 1061 655 λέγει-δρι-

68 685 70 688 “
86 678 162 723 στήσειε.
174 678 264 722 ἕρηεται-
271 676 335 721 ὁμοίως.
348 680 408 712 Verum
418 678 452 721 jam
463 677 560 712 narrationis
571 682 620 711 tenor
631 677 710 721 postulat,
722 683 740 711 ut
752 682 768 711 et
775 681 836 722 poetae
848 687 907 711 versus
919 682 935 711 et
947 675 1059 721 evangelistae

85 731 137 778 rerba
149 744 195 778 aliter
207 743 318 788 disponamus.
342 741 425 775 Habuerat
436 740 463 775 ide
475 740 519 774 hunc
531 740 617 775 ordinem:

274 817 297 843 73.
320 806 348 838 καλ
360 813 400 847 σφιν
411 803 452 844 λλναξ
463 802 546 846 παρέθηκε
558 801 614 846 φόρων
625 800 733 846 περιμήκετον
745 801 804 846 ἰχθύν,

320 866 371 912 ἰχθδν
381 868 409 901 καί
420 866 459 901 νέον
470 866 530 910 ἄρτον
541 866 574 906 εὀλς
586 865 601 900 δ’
613 865 675 900 {abacos
686 869 776 909 μαθηταῖς·

320 943 329 964 (ι
334 932 386 970 δεῦτε,
398 929 448 965 natm
460 931 541 965 δαλννσθε
552 931 589 972 μιῆς
601 927 634 963 dni>
646 928 697 963 κόκλα
708 929 788 974 τραπέζης

321 994 401 1036 enantion
413 992 495 1037 ἀδόκητον
507 991 583 1036 ἐθήμονα
594 994 644 1027 δαῖτα
654 990 759 1036 θαλάσσης.»

293 1085 297 1093 .
322 1057 342 1092 οὐ
354 1056 390 1091 τότε
401 1055 483 1100 τολμήσας
494 1069 519 1095 τις
531 1054 572 1100 ἀνήρ
585 1054 677 1100 ὁμόφοιτος
688 1055 756 1099 ἑταίρων

323 1120 404 1160 ἀντωποῖς
415 1119 513 1164 βλεφάροισι
523 1118 565 1153 θεόν
575 1117 659 1162 παρεόντα
670 1118 744 1153 δοκεύων

319 1185 357 1223 «τίς
368 1183 460 1223 τελέθειςςιι
473 1182 539 1226 ἐρέεινε,
551 1182 578 1216 καὶ
590 1181 611 1216 οὐ
623 1181 688 1225 θρασὺς
700 1178 751 1225 εἴρετο
763 1184 827 1226 Σλμοιν,

318 1246 480 1292 temerandam,
493 1246 527 1280 ὅτι
538 1247 636 1289 κοίρανος
647 1242 682 1290 ήεν
692 1244 771 1290 Ἰησοῦς.

85 1315 114 1349 Cui
125 1314 177 1349 ordini
188 1313 248 1359 optime
255 1312 297 1346 haee
304 1311 415 1357 respondent:
428 1309 490 1353 ἔρχεται
499 1308 562 1353 Ἰησοῦς
573 1310 601 1351 καὶ
612 1307 691 1354 λαμβάνει
702 1308 732 1343 τόν
744 1308 795 1353 ἄρτον
805 1309 908 1344 cetetonem
920 1307 987 1352 αὐτοῖς,
999 1309 1026 1343 καὶ
1037 1309 1057 1344 τὸ

84 1376 155 1421 ὀψάριον
168 1375 235 1420 ὁμοίως
247 1375 289 1419 λέγει
301 1373 358 1413 αὐτοῖς
370 1372 378 1407 ό
389 1373 452 1418 Ἰησοῦς
464 1375 516 1407 Δεῦτε
528 1371 632 1417 ἀριστήσατε.
647 1371 701 1411 οὐδεὶς
712 1371 772 1416 ἐτόλμα
783 1375 816 1406 τῶν
827 1375 908 1416 μαθητῶν
919 1371 992 1414 ἐξετάσαι
1005 1372 1058 1407 αὐτόν

84 1440 111 1475 Σὺ
126 1442 150 1480 τλς
165 1439 187 1481 εἶ;
206 1437 271 1478 εἰδότες,
290 1437 319 1472 ὅτι
335 1436 344 1471 ό
359 1435 428 1481 κύριός
442 1436 499 1471 ἐστιν.
522 1438 542 1471 Et
557 1447 601 1471 nune
616 1435 682 1470 demum
697 1436 718 1470 ad
732 1436 828 1471 narrationis
840 1437 890 1471 finem
902 1437 962 1482 optime
975 1437 1057 1483 quadrant

84 1505 169 1550 sequentia
181 1504 242 1537 Τοῦτο
254 1500 289 1546 ήδη
300 1502 368 1544 τρίτον
379 1499 498 1544 ἐφανερώθη
508 1498 571 1544 Ἰησοῦς
578 1505 613 1540 τοῖς
621 1504 703 1544 μαθηταῖς
711 1501 783 1544 ἐγερθεὶς
791 1501 809 1535 ἐκ
816 1504 884 1545 νεκρῶν,
897 1509 913 1537 et
922 1503 966 1547 apud
972 1503 1056 1537 Nondum:

306 1567 356 1598 τοῦτο
368 1562 418 1598 πόλιν
429 1565 484 1607 τρίτον
496 1562 536 1598 λλλλο
548 1566 643 1608 φαελνετο
657 1565 700 1609 (sici)
712 1567 752 1598 πᾶσι
763 1569 846 1608 μαθηταῖς
908 1564 910 1566 ’

306 1626 368 1672 Ἰησοῦς
380 1626 419 1671 μετα
432 1630 480 1661 θεῖον
491 1627 578 1671 ἐμὲρσιμον
588 1623 643 1661 δ’πνον
655 1626 731 1672 όλέθρον.

127 1820 147 1853 Ηί
158 1819 206 1863 igitur
217 1817 249 1852 loci
260 1818 333 1858 fuerunt,
346 1816 376 1851 nisi
388 1828 438 1850 unum
451 1818 541 1851 alterumve
553 1817 643 1851 memoriae
655 1818 703 1862 lapsu
715 1817 771 1858 omisi,
789 1829 867 1858 omnes,
885 1817 902 1852 in
916 1818 975 1864 quihus
987 1818 1056 1852 ioannei

82 1883 163 1926 evangeiii
180 1881 263 1921 codicem,
283 1890 316 1925 quo
334 1881 402 1914 Nonnus
421 1890 461 1914 usus
479 1886 512 1920 est,
531 1881 609 1925 pauciora
626 1881 685 1922 verba,
703 1893 753 1927 quam
768 1893 811 1927 quae
823 1881 873 1916 hodie
885 1889 913 1917 aut
924 1883 940 1916 in
952 1882 1015 1916 cunctis
1027 1887 1057 1917 aut

82 1947 99 1980 in
110 1944 183 1991 piurimis
200 1944 271 1978 tontibus
289 1943 387 1983 invenimus,
405 1943 483 1977 habuisse
501 1944 549 1978 certis
570 1946 669 1989 argumentis
682 1945 790 1980 demonstrari
801 1951 861 1990 potest.
888 1946 932 1986 Quas
944 1945 1014 1980 Nonnici
1026 1956 1056 1980 co-

82 2010 123 2044 dicis
136 2009 227 2053 scripturas
239 2017 277 2040 cunr
284 2006 329 2040 haud
337 2017 375 2040 raro
383 2007 454 2051 receptis
466 2007 516 2041 hodie
527 2008 625 2042 iectionihus
638 2009 732 2053 superiores
745 2008 782 2042 mihi
794 2009 846 2043 rideri
857 2009 921 2050 monui,
936 2010 1012 2053 profecto
1024 2009 1055 2043 illi

41 2117 42 2120 Ἴ
82 2078 158 2108 tantum
170 2070 411 2115 codici-suarindicare,
428 2071 508 2105 minime
523 2082 572 2106 vero
590 2071 637 2117 quid
654 2072 783 2117 evangelista
798 2072 843 2116 ipse
857 2072 969 2118 scripserit
981 2072 1054 2108 indicare

59 2175 61 2178 ,
81 2137 131 2172 volui.
143 2138 167 2171 De
180 2146 200 2170 ea
212 2135 255 2169 enim
267 2146 285 2169 re
295 2134 371 2179 judicare
382 2146 416 2169 uon
428 2146 482 2169 meum
495 2140 528 2175 est,
545 2135 575 2169 sed
588 2136 702 2180 theologorum
714 2135 786 2169 criticam
795 2146 832 2169 cum
844 2136 893 2170 totius
903 2136 944 2169 Novi
956 2136 1054 2170 Testamenti

46 2207 48 2210 “
71 2201 117 2249 λεια
127 2200 176 2245 hujus
188 2199 268 2244 evangelii
279 2199 363 2233 historiam
374 2199 495 2243 indagantium,
515 2199 543 2245 qui
557 2203 575 2232 ut
590 2204 656 2244 practer
672 2200 718 2243 ipsos
733 2199 802 2233 codices
814 2204 831 2232 et
842 2199 915 2233 Graecos
927 2205 944 2233 et
956 2209 976 2234 ex
989 2199 1053 2233 Graeco

81 2274 141 2298 versos
153 2263 202 2297 etiam
214 2266 278 2307 patrum
290 2267 306 2295 et
319 2262 419 2296 Graecorum
432 2268 448 2296 et
456 2263 550 2297 Latinorum
562 2258 685 2297 auctoritatibus
697 2262 719 2296 ad
731 2262 846 2297 constituenda
858 2273 942 2297 sacrorum
954 2264 1054 2308 scriptorum

81 2327 133 2361 verba
145 2332 219 2367 utuntur,
237 2326 258 2358 ita
270 2326 303 2370 jam
316 2326 365 2359 etiam
376 2326 429 2360 Nonni
445 2326 564 2370 discrepantias
580 2326 667 2361 commode
684 2326 700 2359 in
716 2332 824 2371 conspectum
842 2326 950 2372 ordinemque
964 2327 1009 2361 datas
1022 2337 1052 2360 suo

82 2390 151 2424 examini
163 2389 245 2434 subjicere
257 2394 338 2434 poterunt.
356 2388 375 2421 Hi
386 2389 435 2434 igitur
445 2389 518 2430 videant,
531 2390 561 2423 iilis
569 2390 638 2434 Nonnici
646 2389 708 2423 codicis
721 2390 837 2424 omissionibus
849 2390 929 2434 genuinus
942 2389 1053 2434 evangelistae

81 2453 135 2489 sermo
148 2454 175 2489 vel
187 2454 249 2500 ubique
261 2453 286 2488 vei
298 2453 361 2498 passim
374 2464 412 2487 num
423 2454 506 2487 mutilatus
519 2454 539 2487 sit
551 2464 571 2486 an
583 2453 661 2498 pristinae
673 2454 736 2498 puritati
748 2454 811 2488 restitui
824 2453 889 2487 debeat.

126 2518 272 2553 Additamenta
285 2528 335 2559 vero,
348 2517 407 2564 quihus
419 2528 449 2551 nos
461 2518 510 2552 hodie
523 2528 607 2557 caremus,
622 2517 667 2551 nulia
678 2516 757 2551 habuisse
770 2518 834 2552 ridetur
845 2517 876 2552 nisi
888 2529 925 2552 uno
937 2518 982 2551 loco
994 2516 1023 2557 21,
1034 2528 1050 2558 a,

81 2581 110 2615 uhi
122 2582 190 2616 Nonnus
203 2587 248 2617 certe
259 2593 292 2616 non
304 2581 326 2615 de
338 2592 368 2615 suo
380 2581 428 2615 Petro
441 2581 506 2616 fratrem
519 2581 591 2626 adjunxit
603 2593 618 2616 v.
628 2591 647 2617 σε
